<?xml version="1.0" encoding="UTF-8"?>
<!DOCTYPE html PUBLIC "-//W3C//DTD XHTML 1.0 Transitional//EN"
    "http://www.w3.org/TR/xhtml1/DTD/xhtml1-transitional.dtd">
<html xmlns="http://www.w3.org/1999/xhtml" xml:lang="en" lang="en">
 <head>
  <title>
</title>
<meta http-equiv="Content-Type" content="text/html;charset=utf-8" />
  <meta name='ocr-system' content='tesseract 3.04.00' />
  <meta name='ocr-capabilities' content='ocr_page ocr_carea ocr_par ocr_line ocrx_word'/>
</head>
<body>
  <div class='ocr_page' id='page_1' title='image "./fontesrerumaust26kommgoog_0182.png"; bbox 0 0 3150 5092; ppageno 0'>
   <div class='ocr_carea' id='block_1_1' title="bbox 608 308 708 380">
    <p class='ocr_par' dir='ltr' id='par_1_1' title="bbox 608 308 708 380">
     <span class='ocr_line' id='line_1_1' title="bbox 608 308 708 380; baseline 0 0"><span class='ocrx_word' id='word_1_1' title='bbox 608 308 708 380; x_wconf 89' lang='lat'><strong>88</strong></span> 
     </span>
    </p>
   </div>
   <div class='ocr_carea' id='block_1_2' title="bbox 601 484 3130 602">
    <p class='ocr_par' dir='ltr' id='par_1_2' title="bbox 601 484 3130 602">
     <span class='ocr_line' id='line_1_2' title="bbox 601 484 3130 602; baseline -0.001 -53"><span class='ocrx_word' id='word_1_2' title='bbox 601 491 770 571; x_wconf 84' lang='lat' dir='ltr'><strong>grata</strong></span> <span class='ocrx_word' id='word_1_3' title='bbox 803 492 864 551; x_wconf 90' lang='lat' dir='ltr'><strong>et</strong></span> <span class='ocrx_word' id='word_1_4' title='bbox 895 490 1141 570; x_wconf 86' lang='lat' dir='ltr'><strong>accepta</strong></span> <span class='ocrx_word' id='word_1_5' title='bbox 1176 484 1621 569; x_wconf 84' lang='lat' dir='ltr'><strong>nobisservitia</strong></span> <span class='ocrx_word' id='word_1_6' title='bbox 1652 485 1965 570; x_wconf 82' lang='lat' dir='ltr'>impendit,</span> <span class='ocrx_word' id='word_1_7' title='bbox 2000 508 2119 573; x_wconf 82' lang='lat' dir='ltr'><strong>que</strong></span> <span class='ocrx_word' id='word_1_8' title='bbox 2168 489 2264 550; x_wconf 77' lang='lat' dir='ltr'><strong>vix</strong></span> <span class='ocrx_word' id='word_1_9' title='bbox 2313 493 2565 571; x_wconf 81' lang='lat' dir='ltr'><strong>possunt</strong></span> <span class='ocrx_word' id='word_1_10' title='bbox 2597 507 2711 570; x_wconf 87' lang='lat' dir='ltr'><strong>per</strong></span> <span class='ocrx_word' id='word_1_11' title='bbox 2743 484 3029 567; x_wconf 84' lang='lat' dir='ltr'><strong>singula</strong></span> <span class='ocrx_word' id='word_1_12' title='bbox 3127 536 3130 602; x_wconf 32' lang='grc' dir='ltr'>ἦ</span> 
     </span>
    </p>
   </div>
   <div class='ocr_carea' id='block_1_3' title="bbox 603 597 3031 4271">
    <p class='ocr_par' dir='ltr' id='par_1_3' title="bbox 603 597 3031 4271">
     <span class='ocr_line' id='line_1_3' title="bbox 603 597 3028 683; baseline -0.002 -22"><span class='ocrx_word' id='word_1_13' title='bbox 603 598 860 662; x_wconf 87' lang='lat' dir='ltr'><strong>recitari.</strong></span> <span class='ocrx_word' id='word_1_14' title='bbox 910 597 1199 661; x_wconf 88' lang='lat' dir='ltr'><strong>Preterea</strong></span> <span class='ocrx_word' id='word_1_15' title='bbox 1231 615 1408 679; x_wconf 91' lang='lat' dir='ltr'><strong>quum</strong></span> <span class='ocrx_word' id='word_1_16' title='bbox 1442 600 1650 660; x_wconf 86' lang='lat' dir='ltr'><strong>contra</strong></span> <span class='ocrx_word' id='word_1_17' title='bbox 1668 598 2081 663; x_wconf 76' lang='lat' dir='ltr'><strong><em>Laurentium</em></strong></span> <span class='ocrx_word' id='word_1_18' title='bbox 2104 598 2304 683; x_wconf 78' lang='lat' dir='ltr'><strong>filium</strong></span> <span class='ocrx_word' id='word_1_19' title='bbox 2325 599 2605 682; x_wconf 74' lang='lat' dir='ltr'><strong>Kemeny</strong></span> <span class='ocrx_word' id='word_1_20' title='bbox 2636 597 3028 661; x_wconf 80' lang='lat' dir='ltr'><strong>conflictum</strong></span> 
     </span>
     <span class='ocr_line' id='line_1_4' title="bbox 606 705 3031 790; baseline -0 -21"><span class='ocrx_word' id='word_1_21' title='bbox 606 705 981 778; x_wconf 88' lang='lat' dir='ltr'><strong>haberemus,</strong></span> <span class='ocrx_word' id='word_1_22' title='bbox 1017 710 1152 769; x_wconf 88' lang='lat' dir='ltr'><strong>ante</strong></span> <span class='ocrx_word' id='word_1_23' title='bbox 1185 725 1386 769; x_wconf 91' lang='lat' dir='ltr'><strong>omnes</strong></span> <span class='ocrx_word' id='word_1_24' title='bbox 1422 705 1571 768; x_wconf 89' lang='lat' dir='ltr'><strong>alios</strong></span> <span class='ocrx_word' id='word_1_25' title='bbox 1606 706 1823 769; x_wconf 80' lang='lat' dir='ltr'><strong>milites</strong></span> <span class='ocrx_word' id='word_1_26' title='bbox 1854 709 2095 770; x_wconf 88' lang='lat' dir='ltr'><strong>nostros</strong></span> <span class='ocrx_word' id='word_1_27' title='bbox 2117 726 2186 769; x_wconf 89' lang='lat' dir='ltr'><strong>se</strong></span> <span class='ocrx_word' id='word_1_28' title='bbox 2216 725 2417 789; x_wconf 83' lang='lat' dir='ltr'>pugne</span> <span class='ocrx_word' id='word_1_29' title='bbox 2447 725 2762 790; x_wconf 88' lang='lat' dir='ltr'><strong>opponens</strong></span> <span class='ocrx_word' id='word_1_30' title='bbox 2780 709 3031 769; x_wconf 80' lang='lat' dir='ltr'><strong>recto-</strong></span> 
     </span>
     <span class='ocr_line' id='line_1_5' title="bbox 606 811 3025 898; baseline -0 -21"><span class='ocrx_word' id='word_1_31' title='bbox 606 832 730 877; x_wconf 89' lang='lat' dir='ltr'><strong>rem</strong></span> <span class='ocrx_word' id='word_1_32' title='bbox 764 812 960 877; x_wconf 83' lang='lat' dir='ltr'><strong>vexilli</strong></span> <span class='ocrx_word' id='word_1_33' title='bbox 994 812 1286 876; x_wconf 82' lang='lat' dir='ltr'><strong>exercitus</strong></span> <span class='ocrx_word' id='word_1_34' title='bbox 1319 811 1481 876; x_wconf 90' lang='lat' dir='ltr'><strong>illius</strong></span> <span class='ocrx_word' id='word_1_35' title='bbox 1534 813 1742 878; x_wconf 87' lang='lat' dir='ltr'><strong>lancea</strong></span> <span class='ocrx_word' id='word_1_36' title='bbox 1790 835 1899 879; x_wconf 90' lang='lat' dir='ltr'><strong>suo</strong></span> <span class='ocrx_word' id='word_1_37' title='bbox 1943 815 2287 898; x_wconf 80' lang='lat' dir='ltr'><strong>prostravit,</strong></span> <span class='ocrx_word' id='word_1_38' title='bbox 2328 819 2391 877; x_wconf 90' lang='lat' dir='ltr'><strong>et</strong></span> <span class='ocrx_word' id='word_1_39' title='bbox 2420 815 2569 878; x_wconf 84' lang='lat' dir='ltr'><strong>alios</strong></span> <span class='ocrx_word' id='word_1_40' title='bbox 2602 815 2759 879; x_wconf 91' lang='lat' dir='ltr'><strong>duos</strong></span> <span class='ocrx_word' id='word_1_41' title='bbox 2793 814 3025 878; x_wconf 88' lang='lat' dir='ltr'><strong>bonos</strong></span> 
     </span>
     <span class='ocr_line' id='line_1_6' title="bbox 613 920 3026 1007; baseline 0.002 -27"><span class='ocrx_word' id='word_1_42' title='bbox 613 924 825 984; x_wconf 72' lang='lat' dir='ltr'><strong>milites</strong></span> <span class='ocrx_word' id='word_1_43' title='bbox 859 920 1315 1007; x_wconf 87' lang='lat' dir='ltr'><strong>prosternendo,</strong></span> <span class='ocrx_word' id='word_1_44' title='bbox 1351 940 1421 985; x_wconf 88' lang='lat' dir='ltr'><strong>ac</strong></span> <span class='ocrx_word' id='word_1_45' title='bbox 1474 921 1668 1004; x_wconf 88' lang='lat' dir='ltr'><strong>ipsum</strong></span> <span class='ocrx_word' id='word_1_46' title='bbox 1724 923 1985 985; x_wconf 86' lang='lat' dir='ltr'><strong>Laurent</strong></span> <span class='ocrx_word' id='word_1_47' title='bbox 2030 960 2116 970; x_wconf 92' lang='lat'><strong>—-</strong></span> <span class='ocrx_word' id='word_1_48' title='bbox 2162 922 2349 986; x_wconf 82' lang='lat' dir='ltr'><strong>filium</strong></span> <span class='ocrx_word' id='word_1_49' title='bbox 2402 923 2702 1006; x_wconf 75' lang='lat' dir='ltr'><strong>Kemeny,</strong></span> <span class='ocrx_word' id='word_1_50' title='bbox 2753 925 3026 1007; x_wconf 85' lang='lat' dir='ltr'><strong>capita-</strong></span> 
     </span>
     <span class='ocr_line' id='line_1_7' title="bbox 613 1030 3017 1113; baseline 0 -21"><span class='ocrx_word' id='word_1_51' title='bbox 613 1056 781 1092; x_wconf 69' lang='lat' dir='ltr'><strong>neum</strong></span> <span class='ocrx_word' id='word_1_52' title='bbox 829 1030 975 1094; x_wconf 90' lang='lat' dir='ltr'><strong>dicti</strong></span> <span class='ocrx_word' id='word_1_53' title='bbox 1031 1030 1350 1102; x_wconf 86' lang='lat' dir='ltr'><strong>exercitus,</strong></span> <span class='ocrx_word' id='word_1_54' title='bbox 1394 1034 1870 1113; x_wconf 78' lang='lat' dir='ltr'><strong>persecutorem,</strong></span> <span class='ocrx_word' id='word_1_55' title='bbox 1924 1036 1987 1093; x_wconf 91' lang='lat' dir='ltr'><strong>et</strong></span> <span class='ocrx_word' id='word_1_56' title='bbox 2030 1031 2315 1112; x_wconf 85' lang='lat' dir='ltr'><strong>majorem</strong></span> <span class='ocrx_word' id='word_1_57' title='bbox 2357 1031 2660 1094; x_wconf 88' lang='lat' dir='ltr'><strong>inimicum</strong></span> <span class='ocrx_word' id='word_1_58' title='bbox 2712 1038 3017 1095; x_wconf 86' lang='lat' dir='ltr'><strong>nostrum</strong></span> 
     </span>
     <span class='ocr_line' id='line_1_8' title="bbox 613 1139 3009 1225; baseline 0 -21"><span class='ocrx_word' id='word_1_59' title='bbox 613 1152 669 1204; x_wconf 78' lang='lat' dir='ltr'><strong>et</strong></span> <span class='ocrx_word' id='word_1_60' title='bbox 709 1145 1053 1212; x_wconf 75' lang='lat' dir='ltr'><strong>nostrorum,</strong></span> <span class='ocrx_word' id='word_1_61' title='bbox 1089 1143 1326 1222; x_wconf 89' lang='lat' dir='ltr'><strong>captum</strong></span> <span class='ocrx_word' id='word_1_62' title='bbox 1358 1140 1417 1202; x_wconf 93' lang='lat' dir='ltr'><strong>in</strong></span> <span class='ocrx_word' id='word_1_63' title='bbox 1451 1139 1632 1202; x_wconf 88' lang='lat' dir='ltr'><strong>armis</strong></span> <span class='ocrx_word' id='word_1_64' title='bbox 1660 1140 1784 1203; x_wconf 89' lang='lat' dir='ltr'><strong>suis</strong></span> <span class='ocrx_word' id='word_1_65' title='bbox 1820 1141 1966 1203; x_wconf 89' lang='lat' dir='ltr'><strong>etin</strong></span> <span class='ocrx_word' id='word_1_66' title='bbox 1991 1159 2143 1224; x_wconf 82' lang='lat' dir='ltr'><strong>equo</strong></span> <span class='ocrx_word' id='word_1_67' title='bbox 2170 1160 2278 1203; x_wconf 89' lang='lat' dir='ltr'><strong>suo</strong></span> <span class='ocrx_word' id='word_1_68' title='bbox 2303 1160 2435 1202; x_wconf 89' lang='lat' dir='ltr'><strong>cum</strong></span> <span class='ocrx_word' id='word_1_69' title='bbox 2467 1140 2762 1225; x_wconf 82' lang='lat' dir='ltr'><strong>predictis</strong></span> <span class='ocrx_word' id='word_1_70' title='bbox 2788 1141 3009 1204; x_wconf 86' lang='lat' dir='ltr'><strong>tribus</strong></span> 
     </span>
     <span class='ocr_line' id='line_1_9' title="bbox 613 1246 3007 1333; baseline 0 -21"><span class='ocrx_word' id='word_1_71' title='bbox 613 1249 891 1312; x_wconf 81' lang='lat' dir='ltr'><strong>militibus</strong></span> <span class='ocrx_word' id='word_1_72' title='bbox 927 1247 1000 1312; x_wconf 86' lang='lat' dir='ltr'><strong>ad</strong></span> <span class='ocrx_word' id='word_1_73' title='bbox 1047 1268 1155 1312; x_wconf 88' lang='lat' dir='ltr'><strong>nos</strong></span> <span class='ocrx_word' id='word_1_74' title='bbox 1201 1248 1379 1313; x_wconf 87' lang='lat' dir='ltr'><strong>duxit.</strong></span> <span class='ocrx_word' id='word_1_75' title='bbox 1429 1246 1679 1310; x_wconf 88' lang='lat' dir='ltr'><strong>Demum</strong></span> <span class='ocrx_word' id='word_1_76' title='bbox 1737 1268 1913 1333; x_wconf 90' lang='lat' dir='ltr'><strong>quum</strong></span> <span class='ocrx_word' id='word_1_77' title='bbox 1969 1267 2182 1311; x_wconf 83' lang='lat' dir='ltr'><strong>versus</strong></span> <span class='ocrx_word' id='word_1_78' title='bbox 2236 1249 2484 1330; x_wconf 77' lang='lat' dir='ltr'><strong>Tyciam</strong></span> <span class='ocrx_word' id='word_1_79' title='bbox 2545 1248 3007 1314; x_wconf 82' lang='lat' dir='ltr'><strong>direxissemus</strong></span> 
     </span>
     <span class='ocr_line' id='line_1_10' title="bbox 613 1355 3001 1440; baseline 0.001 -20"><span class='ocrx_word' id='word_1_80' title='bbox 613 1378 863 1440; x_wconf 70' lang='lat' dir='ltr'><strong>gressus</strong></span> <span class='ocrx_word' id='word_1_81' title='bbox 919 1361 1154 1420; x_wconf 88' lang='lat' dir='ltr'><strong>nostros</strong></span> <span class='ocrx_word' id='word_1_82' title='bbox 1207 1356 1265 1420; x_wconf 90' lang='lat' dir='ltr'><strong>in</strong></span> <span class='ocrx_word' id='word_1_83' title='bbox 1311 1355 1589 1421; x_wconf 86' lang='lat' dir='ltr'><strong>conflictu</strong></span> <span class='ocrx_word' id='word_1_84' title='bbox 1646 1355 1848 1439; x_wconf 82' lang='lat' dir='ltr'><strong>Erney</strong></span> <span class='ocrx_word' id='word_1_85' title='bbox 1878 1355 2017 1419; x_wconf 89' lang='lat' dir='ltr'><strong>bani</strong></span> <span class='ocrx_word' id='word_1_86' title='bbox 2056 1357 2216 1420; x_wconf 88' lang='lat' dir='ltr'><strong>inter</strong></span> <span class='ocrx_word' id='word_1_87' title='bbox 2256 1357 2407 1420; x_wconf 90' lang='lat' dir='ltr'><strong>alios</strong></span> <span class='ocrx_word' id='word_1_88' title='bbox 2450 1359 2665 1420; x_wconf 88' lang='lat' dir='ltr'><strong>milites</strong></span> <span class='ocrx_word' id='word_1_89' title='bbox 2713 1365 3001 1431; x_wconf 77' lang='lat' dir='ltr'><strong>nostroS‚</strong></span> 
     </span>
     <span class='ocr_line' id='line_1_11' title="bbox 613 1463 3002 1552; baseline 0.001 -24"><span class='ocrx_word' id='word_1_90' title='bbox 613 1467 922 1552; x_wconf 65' lang='lat' dir='ltr'><strong>prostratis</strong></span> <span class='ocrx_word' id='word_1_91' title='bbox 985 1464 1183 1529; x_wconf 88' lang='lat' dir='ltr'><strong>multis</strong></span> <span class='ocrx_word' id='word_1_92' title='bbox 1245 1464 1530 1530; x_wconf 88' lang='lat' dir='ltr'><strong>militibus</strong></span> <span class='ocrx_word' id='word_1_93' title='bbox 1595 1463 1925 1529; x_wconf 82' lang='lat' dir='ltr'><strong>laudabiles</strong></span> <span class='ocrx_word' id='word_1_94' title='bbox 1990 1466 2260 1529; x_wconf 84' lang='lat' dir='ltr'><strong>exercuit</strong></span> <span class='ocrx_word' id='word_1_95' title='bbox 2305 1464 2549 1529; x_wconf 82' lang='lat' dir='ltr'><strong>militias</strong></span> <span class='ocrx_word' id='word_1_96' title='bbox 2597 1469 2865 1532; x_wconf 84' lang='lat' dir='ltr'><strong>viriliter</strong></span> <span class='ocrx_word' id='word_1_97' title='bbox 2925 1473 3002 1531; x_wconf 88' lang='lat' dir='ltr'><strong>et</strong></span> 
     </span>
     <span class='ocr_line' id='line_1_12' title="bbox 617 1574 2992 1660; baseline 0.001 -25"><span class='ocrx_word' id='word_1_98' title='bbox 617 1581 908 1660; x_wconf 59' lang='lat' dir='ltr'><strong>praeinter.</strong></span> <span class='ocrx_word' id='word_1_99' title='bbox 959 1576 1045 1639; x_wconf 82' lang='lat' dir='ltr'><strong>Ad</strong></span> <span class='ocrx_word' id='word_1_100' title='bbox 1076 1574 1191 1638; x_wconf 89' lang='lat' dir='ltr'><strong>bec</strong></span> <span class='ocrx_word' id='word_1_101' title='bbox 1223 1575 1283 1636; x_wconf 90' lang='lat' dir='ltr'><strong>in</strong></span> <span class='ocrx_word' id='word_1_102' title='bbox 1314 1574 1623 1655; x_wconf 88' lang='lat' dir='ltr'><strong>Ilsuaszeg</strong></span> <span class='ocrx_word' id='word_1_103' title='bbox 1654 1575 1715 1637; x_wconf 90' lang='lat' dir='ltr'><strong>in</strong></span> <span class='ocrx_word' id='word_1_104' title='bbox 1744 1574 2043 1645; x_wconf 89' lang='lat' dir='ltr'><strong>conflictu,</strong></span> <span class='ocrx_word' id='word_1_105' title='bbox 2068 1575 2304 1638; x_wconf 89' lang='lat' dir='ltr'><strong>scilicet</strong></span> <span class='ocrx_word' id='word_1_106' title='bbox 2327 1579 2466 1637; x_wconf 88' lang='lat' dir='ltr'><strong>ante</strong></span> <span class='ocrx_word' id='word_1_107' title='bbox 2499 1595 2714 1638; x_wconf 88' lang='lat' dir='ltr'><strong>annum</strong></span> <span class='ocrx_word' id='word_1_108' title='bbox 2752 1575 2992 1639; x_wconf 86' lang='lat' dir='ltr'><strong>Christi</strong></span> 
     </span>
     <span class='ocr_line' id='line_1_13' title="bbox 629 1682 2995 1770; baseline 0 -22"><span class='ocrx_word' id='word_1_109' title='bbox 629 1688 786 1748; x_wconf 53' lang='lat' dir='ltr'><strong>latin</strong></span> <span class='ocrx_word' id='word_1_110' title='bbox 832 1704 945 1769; x_wconf 91' lang='lat' dir='ltr'><strong>quo</strong></span> <span class='ocrx_word' id='word_1_111' title='bbox 994 1683 1280 1749; x_wconf 87' lang='lat' dir='ltr'><strong>Henricus</strong></span> <span class='ocrx_word' id='word_1_112' title='bbox 1324 1683 1620 1767; x_wconf 88' lang='lat' dir='ltr'><strong>palatinus</strong></span> <span class='ocrx_word' id='word_1_113' title='bbox 1667 1704 1800 1747; x_wconf 92' lang='lat' dir='ltr'><strong>cum</strong></span> <span class='ocrx_word' id='word_1_114' title='bbox 1832 1682 2062 1748; x_wconf 90' lang='lat' dir='ltr'><strong>duobus</strong></span> <span class='ocrx_word' id='word_1_115' title='bbox 2108 1683 2248 1747; x_wconf 86' lang='lat' dir='ltr'><strong>filiis</strong></span> <span class='ocrx_word' id='word_1_116' title='bbox 2291 1685 2413 1746; x_wconf 90' lang='lat' dir='ltr'><strong>suis</strong></span> <span class='ocrx_word' id='word_1_117' title='bbox 2446 1689 2656 1770; x_wconf 89' lang='lat' dir='ltr'><strong>captus</strong></span> <span class='ocrx_word' id='word_1_118' title='bbox 2701 1687 2823 1749; x_wconf 89' lang='lat' dir='ltr'><strong>fuit</strong></span> <span class='ocrx_word' id='word_1_119' title='bbox 2855 1687 2995 1770; x_wconf 87' lang='lat' dir='ltr'><strong>ipse</strong></span> 
     </span>
     <span class='ocr_line' id='line_1_14' title="bbox 617 1792 2998 1876; baseline -0.001 -15"><span class='ocrx_word' id='word_1_120' title='bbox 617 1820 725 1860; x_wconf 76' lang='lat' dir='ltr'><strong>nun</strong></span> <span class='ocrx_word' id='word_1_121' title='bbox 777 1793 1011 1858; x_wconf 85' lang='lat' dir='ltr'><strong>ultimus</strong></span> <span class='ocrx_word' id='word_1_122' title='bbox 1059 1792 1166 1857; x_wconf 89' lang='lat' dir='ltr'><strong>sed</strong></span> <span class='ocrx_word' id='word_1_123' title='bbox 1210 1794 1470 1876; x_wconf 90' lang='lat' dir='ltr'><strong>primus,</strong></span> <span class='ocrx_word' id='word_1_124' title='bbox 1517 1797 1581 1856; x_wconf 86' lang='lat' dir='ltr'><strong>et</strong></span> <span class='ocrx_word' id='word_1_125' title='bbox 1622 1792 1796 1855; x_wconf 89' lang='lat' dir='ltr'><strong>etiam</strong></span> <span class='ocrx_word' id='word_1_126' title='bbox 1847 1793 2035 1876; x_wconf 89' lang='lat' dir='ltr'><strong>prima</strong></span> <span class='ocrx_word' id='word_1_127' title='bbox 2085 1798 2147 1856; x_wconf 92' lang='lat' dir='ltr'><strong>et</strong></span> <span class='ocrx_word' id='word_1_128' title='bbox 2193 1794 2358 1876; x_wconf 88' lang='lat' dir='ltr'><strong>prior</strong></span> <span class='ocrx_word' id='word_1_129' title='bbox 2401 1795 2610 1858; x_wconf 88' lang='lat' dir='ltr'><strong>lancea</strong></span> <span class='ocrx_word' id='word_1_130' title='bbox 2664 1796 2819 1868; x_wconf 85' lang='lat' dir='ltr'><strong>fuit,</strong></span> <span class='ocrx_word' id='word_1_131' title='bbox 2888 1796 2998 1859; x_wconf 86' lang='lat' dir='ltr'><strong>ubi</strong></span> 
     </span>
     <span class='ocr_line' id='line_1_15' title="bbox 617 1901 2997 1989; baseline 0 -21"><span class='ocrx_word' id='word_1_132' title='bbox 617 1916 737 1968; x_wconf 68' lang='lat' dir='ltr'><strong>ires</strong></span> <span class='ocrx_word' id='word_1_133' title='bbox 800 1903 1038 1972; x_wconf 89' lang='lat' dir='ltr'><strong>milites,</strong></span> <span class='ocrx_word' id='word_1_134' title='bbox 1096 1902 1194 1989; x_wconf 91' lang='lat' dir='ltr'><strong>qui</strong></span> <span class='ocrx_word' id='word_1_135' title='bbox 1239 1902 1295 1964; x_wconf 90' lang='lat' dir='ltr'><strong>in</strong></span> <span class='ocrx_word' id='word_1_136' title='bbox 1345 1922 1478 1965; x_wconf 89' lang='lat' dir='ltr'><strong>eum</strong></span> <span class='ocrx_word' id='word_1_137' title='bbox 1512 1902 1836 1974; x_wconf 90' lang='lat' dir='ltr'><strong>irruerunt,</strong></span> <span class='ocrx_word' id='word_1_138' title='bbox 1894 1922 2005 1985; x_wconf 89' lang='lat' dir='ltr'><strong>per</strong></span> <span class='ocrx_word' id='word_1_139' title='bbox 2037 1901 2263 1964; x_wconf 82' lang='lat' dir='ltr'><strong>hastam</strong></span> <span class='ocrx_word' id='word_1_140' title='bbox 2313 1922 2479 1965; x_wconf 90' lang='lat' dir='ltr'><strong>suam</strong></span> <span class='ocrx_word' id='word_1_141' title='bbox 2536 1903 2997 1969; x_wconf 88' lang='lat' dir='ltr'><strong>succubuerunt</strong></span> 
     </span>
     <span class='ocr_line' id='line_1_16' title="bbox 617 2009 2994 2096; baseline 0.001 -20"><span class='ocrx_word' id='word_1_142' title='bbox 617 2032 815 2076; x_wconf 69' lang='lat' dir='ltr'><strong>rnrzun</strong></span> <span class='ocrx_word' id='word_1_143' title='bbox 878 2010 1069 2076; x_wconf 88' lang='lat' dir='ltr'><strong>oculis</strong></span> <span class='ocrx_word' id='word_1_144' title='bbox 1116 2015 1318 2075; x_wconf 88' lang='lat' dir='ltr'><strong>nostre</strong></span> <span class='ocrx_word' id='word_1_145' title='bbox 1375 2011 1726 2075; x_wconf 88' lang='lat' dir='ltr'><strong>maiestatis.</strong></span> <span class='ocrx_word' id='word_1_146' title='bbox 1790 2009 2187 2092; x_wconf 78' lang='lat' dir='ltr'><strong>Quamobrem</strong></span> <span class='ocrx_word' id='word_1_147' title='bbox 2243 2011 2302 2072; x_wconf 92' lang='lat' dir='ltr'><strong>in</strong></span> <span class='ocrx_word' id='word_1_148' title='bbox 2366 2015 2994 2096; x_wconf 83' lang='lat' dir='ltr'><strong>recompensationem</strong></span> 
     </span>
     <span class='ocr_line' id='line_1_17' title="bbox 621 2118 2983 2202; baseline -0 -18"><span class='ocrx_word' id='word_1_149' title='bbox 621 2124 964 2184; x_wconf 70' lang='lat' dir='ltr'><strong>tidelitatum</strong></span> <span class='ocrx_word' id='word_1_150' title='bbox 1008 2125 1069 2183; x_wconf 89' lang='lat' dir='ltr'><strong>et</strong></span> <span class='ocrx_word' id='word_1_151' title='bbox 1125 2119 1498 2184; x_wconf 87' lang='lat' dir='ltr'><strong>servitiorum</strong></span> <span class='ocrx_word' id='word_1_152' title='bbox 1547 2119 1735 2202; x_wconf 90' lang='lat' dir='ltr'><strong>ipsius</strong></span> <span class='ocrx_word' id='word_1_153' title='bbox 1785 2118 2052 2182; x_wconf 86' lang='lat' dir='ltr'><strong>volentes</strong></span> <span class='ocrx_word' id='word_1_154' title='bbox 2114 2126 2285 2201; x_wconf 89' lang='lat' dir='ltr'><strong>grata</strong></span> <span class='ocrx_word' id='word_1_155' title='bbox 2327 2120 2749 2184; x_wconf 81' lang='lat' dir='ltr'><strong>vicissitudine</strong></span> <span class='ocrx_word' id='word_1_156' title='bbox 2785 2123 2983 2186; x_wconf 90' lang='lat' dir='ltr'><strong>eidem</strong></span> 
     </span>
     <span class='ocr_line' id='line_1_18' title="bbox 621 2226 2989 2312; baseline 0.001 -20"><span class='ocrx_word' id='word_1_157' title='bbox 621 2249 938 2301; x_wconf 71' lang='lat' dir='ltr'><strong>occurere,</strong></span> <span class='ocrx_word' id='word_1_158' title='bbox 1001 2227 1146 2293; x_wconf 89' lang='lat' dir='ltr'><strong>licet</strong></span> <span class='ocrx_word' id='word_1_159' title='bbox 1207 2248 1315 2312; x_wconf 88' lang='lat' dir='ltr'><strong>pro</strong></span> <span class='ocrx_word' id='word_1_160' title='bbox 1368 2228 1600 2291; x_wconf 87' lang='lat' dir='ltr'><strong>modico</strong></span> <span class='ocrx_word' id='word_1_161' title='bbox 1657 2233 2033 2312; x_wconf 79' lang='lat' dir='ltr'><strong>reputemuS,</strong></span> <span class='ocrx_word' id='word_1_162' title='bbox 2098 2226 2255 2312; x_wconf 91' lang='lat' dir='ltr'><strong>quod</strong></span> <span class='ocrx_word' id='word_1_163' title='bbox 2309 2227 2382 2292; x_wconf 90' lang='lat' dir='ltr'><strong>ad</strong></span> <span class='ocrx_word' id='word_1_164' title='bbox 2427 2249 2678 2312; x_wconf 87' lang='lat' dir='ltr'><strong>presens</strong></span> <span class='ocrx_word' id='word_1_165' title='bbox 2726 2233 2989 2312; x_wconf 84' lang='lat' dir='ltr'><strong>agimus,</strong></span> 
     </span>
     <span class='ocr_line' id='line_1_19' title="bbox 625 2335 2986 2425; baseline 0 -21"><span class='ocrx_word' id='word_1_166' title='bbox 625 2343 899 2423; x_wconf 70' lang='lat' dir='ltr'><strong>respectu</strong></span> <span class='ocrx_word' id='word_1_167' title='bbox 947 2357 1172 2410; x_wconf 89' lang='lat' dir='ltr'><strong>eorum,</strong></span> <span class='ocrx_word' id='word_1_168' title='bbox 1236 2357 1352 2421; x_wconf 89' lang='lat' dir='ltr'><strong>que</strong></span> <span class='ocrx_word' id='word_1_169' title='bbox 1398 2338 1601 2401; x_wconf 87' lang='lat' dir='ltr'><strong>facere</strong></span> <span class='ocrx_word' id='word_1_170' title='bbox 1650 2335 2032 2406; x_wconf 87' lang='lat' dir='ltr'><strong>intendimus,</strong></span> <span class='ocrx_word' id='word_1_171' title='bbox 2070 2343 2130 2400; x_wconf 90' lang='lat' dir='ltr'><strong>et</strong></span> <span class='ocrx_word' id='word_1_172' title='bbox 2176 2341 2461 2409; x_wconf 89' lang='lat' dir='ltr'><strong>meretur,</strong></span> <span class='ocrx_word' id='word_1_173' title='bbox 2496 2337 2693 2402; x_wconf 89' lang='lat' dir='ltr'><strong>villam</strong></span> <span class='ocrx_word' id='word_1_174' title='bbox 2726 2341 2986 2425; x_wconf 81' lang='lat' dir='ltr'><strong>Arany-</strong></span> 
     </span>
     <span class='ocr_line' id='line_1_20' title="bbox 625 2445 2989 2532; baseline -0 -20"><span class='ocrx_word' id='word_1_175' title='bbox 625 2452 765 2512; x_wconf 57' lang='lat' dir='ltr'><strong>{nnn</strong></span> <span class='ocrx_word' id='word_1_176' title='bbox 799 2447 1005 2514; x_wconf 78' lang='lat' dir='ltr'><strong>Barth</strong></span> <span class='ocrx_word' id='word_1_177' title='bbox 1039 2453 1306 2513; x_wconf 86' lang='lat' dir='ltr'><strong>vocatam</strong></span> <span class='ocrx_word' id='word_1_178' title='bbox 1341 2469 1454 2532; x_wconf 91' lang='lat' dir='ltr'><strong>que</strong></span> <span class='ocrx_word' id='word_1_179' title='bbox 1487 2446 1601 2510; x_wconf 89' lang='lat' dir='ltr'><strong>fuit</strong></span> <span class='ocrx_word' id='word_1_180' title='bbox 1628 2445 1791 2508; x_wconf 85' lang='lat' dir='ltr'><strong>Petri</strong></span> <span class='ocrx_word' id='word_1_181' title='bbox 1825 2446 2078 2518; x_wconf 89' lang='lat' dir='ltr'><strong>comitis,</strong></span> <span class='ocrx_word' id='word_1_182' title='bbox 2114 2445 2224 2508; x_wconf 90' lang='lat' dir='ltr'><strong>filii</strong></span> <span class='ocrx_word' id='word_1_183' title='bbox 2256 2447 2484 2529; x_wconf 88' lang='lat' dir='ltr'><strong>Tureg,</strong></span> <span class='ocrx_word' id='word_1_184' title='bbox 2512 2467 2626 2530; x_wconf 88' lang='lat' dir='ltr'><strong>que</strong></span> <span class='ocrx_word' id='word_1_185' title='bbox 2664 2447 2737 2510; x_wconf 88' lang='lat' dir='ltr'><strong>ab</strong></span> <span class='ocrx_word' id='word_1_186' title='bbox 2775 2451 2989 2513; x_wconf 89' lang='lat' dir='ltr'><strong>eodem</strong></span> 
     </span>
     <span class='ocr_line' id='line_1_21' title="bbox 629 2555 2992 2644; baseline 0.001 -24"><span class='ocrx_word' id='word_1_187' title='bbox 629 2561 874 2644; x_wconf 68' lang='lat' dir='ltr'><strong>propter</strong></span> <span class='ocrx_word' id='word_1_188' title='bbox 909 2560 1101 2619; x_wconf 87' lang='lat' dir='ltr'><strong>notam</strong></span> <span class='ocrx_word' id='word_1_189' title='bbox 1135 2556 1506 2621; x_wconf 86' lang='lat' dir='ltr'><strong>infidelitatis</strong></span> <span class='ocrx_word' id='word_1_190' title='bbox 1541 2576 1651 2618; x_wconf 90' lang='lat' dir='ltr'><strong>sue</strong></span> <span class='ocrx_word' id='word_1_191' title='bbox 1684 2555 2073 2626; x_wconf 85' lang='lat' dir='ltr'><strong>manifestam,</strong></span> <span class='ocrx_word' id='word_1_192' title='bbox 2110 2576 2226 2639; x_wconf 88' lang='lat' dir='ltr'><strong>que</strong></span> <span class='ocrx_word' id='word_1_193' title='bbox 2260 2560 2397 2619; x_wconf 86' lang='lat' dir='ltr'><strong>nota</strong></span> <span class='ocrx_word' id='word_1_194' title='bbox 2429 2556 2536 2618; x_wconf 89' lang='lat' dir='ltr'><strong>toti</strong></span> <span class='ocrx_word' id='word_1_195' title='bbox 2572 2556 2769 2620; x_wconf 89' lang='lat' dir='ltr'><strong>etiam·</strong></span> <span class='ocrx_word' id='word_1_196' title='bbox 2802 2580 2992 2641; x_wconf 89' lang='lat' dir='ltr'><strong>regno</strong></span> 
     </span>
     <span class='ocr_line' id='line_1_22' title="bbox 625 2663 2990 2748; baseline -0.001 -16"><span class='ocrx_word' id='word_1_197' title='bbox 625 2668 733 2732; x_wconf 77' lang='lat' dir='ltr'><strong>fuit</strong></span> <span class='ocrx_word' id='word_1_198' title='bbox 765 2665 1035 2736; x_wconf 78' lang='lat' dir='ltr'><strong>alienata,</strong></span> <span class='ocrx_word' id='word_1_199' title='bbox 1071 2668 1132 2728; x_wconf 91' lang='lat' dir='ltr'><strong>et</strong></span> <span class='ocrx_word' id='word_1_200' title='bbox 1165 2664 1237 2728; x_wconf 93' lang='lat' dir='ltr'><strong>ad</strong></span> <span class='ocrx_word' id='word_1_201' title='bbox 1273 2685 1477 2728; x_wconf 89' lang='lat' dir='ltr'><strong>manus</strong></span> <span class='ocrx_word' id='word_1_202' title='bbox 1516 2668 1752 2728; x_wconf 84' lang='lat' dir='ltr'><strong>nostras</strong></span> <span class='ocrx_word' id='word_1_203' title='bbox 1787 2663 2097 2736; x_wconf 87' lang='lat' dir='ltr'><strong>devoluta;</strong></span> <span class='ocrx_word' id='word_1_204' title='bbox 2132 2683 2306 2748; x_wconf 91' lang='lat' dir='ltr'><strong>quam</strong></span> <span class='ocrx_word' id='word_1_205' title='bbox 2339 2663 2691 2730; x_wconf 74' lang='lat' dir='ltr'><strong>Batsholda</strong></span> <span class='ocrx_word' id='word_1_206' title='bbox 2725 2665 2990 2730; x_wconf 88' lang='lat' dir='ltr'><strong>Cumano</strong></span> 
     </span>
     <span class='ocr_line' id='line_1_23' title="bbox 629 2758 2994 2860; baseline -0 -21"><span class='ocrx_word' id='word_1_207' title='bbox 629 2773 1094 2844; x_wconf 71' lang='lat' dir='ltr'><strong>contuleramus,</strong></span> <span class='ocrx_word' id='word_1_208' title='bbox 1152 2776 1214 2836; x_wconf 91' lang='lat' dir='ltr'><strong>et</strong></span> <span class='ocrx_word' id='word_1_209' title='bbox 1268 2795 1298 2835; x_wconf 82' lang='lat' dir='ltr'><strong>a</strong></span> <span class='ocrx_word' id='word_1_210' title='bbox 1346 2771 1483 2836; x_wconf 90' lang='lat' dir='ltr'><strong>filiis</strong></span> <span class='ocrx_word' id='word_1_211' title='bbox 1526 2775 1715 2857; x_wconf 87' lang='lat' dir='ltr'><strong>ipsius</strong></span> <span class='ocrx_word' id='word_1_212' title='bbox 1769 2777 2017 2857; x_wconf 88' lang='lat' dir='ltr'><strong>propter</strong></span> <span class='ocrx_word' id='word_1_213' title='bbox 2062 2771 2447 2836; x_wconf 87' lang='lat' dir='ltr'><strong>infidelitates</strong></span> <span class='ocrx_word' id='word_1_214' title='bbox 2490 2758 2791 2856; x_wconf 81' lang='lat' dir='ltr'><strong>ipsorum,</strong></span> <span class='ocrx_word' id='word_1_215' title='bbox 2846 2796 2994 2860; x_wconf 87' lang='lat' dir='ltr'><strong>quas</strong></span> 
     </span>
     <span class='ocr_line' id='line_1_24' title="bbox 629 2881 2993 2967; baseline -0 -19"><span class='ocrx_word' id='word_1_216' title='bbox 629 2887 804 2948; x_wconf 71' lang='lat' dir='ltr'><strong>iitlnm</strong></span> <span class='ocrx_word' id='word_1_217' title='bbox 852 2885 1286 2967; x_wconf 86' lang='lat' dir='ltr'><strong>persequentes</strong></span> <span class='ocrx_word' id='word_1_218' title='bbox 1321 2901 1428 2944; x_wconf 90' lang='lat' dir='ltr'><strong>nos</strong></span> <span class='ocrx_word' id='word_1_219' title='bbox 1469 2888 1528 2945; x_wconf 91' lang='lat' dir='ltr'><strong>et</strong></span> <span class='ocrx_word' id='word_1_220' title='bbox 1577 2886 1813 2947; x_wconf 88' lang='lat' dir='ltr'><strong>nostros</strong></span> <span class='ocrx_word' id='word_1_221' title='bbox 1857 2882 2278 2945; x_wconf 87' lang='lat' dir='ltr'><strong>commiserunt</strong></span> <span class='ocrx_word' id='word_1_222' title='bbox 2317 2881 2671 2945; x_wconf 87' lang='lat' dir='ltr'><strong>manifesto:</strong></span> <span class='ocrx_word' id='word_1_223' title='bbox 2729 2884 2864 2966; x_wconf 88' lang='lat' dir='ltr'><strong>quia</strong></span> <span class='ocrx_word' id='word_1_224' title='bbox 2920 2884 2993 2948; x_wconf 86' lang='lat' dir='ltr'><strong>ad</strong></span> 
     </span>
     <span class='ocr_line' id='line_1_25' title="bbox 629 2989 2990 3077; baseline 0.002 -25"><span class='ocrx_word' id='word_1_225' title='bbox 629 2997 974 3077; x_wconf 73' lang='lat' dir='ltr'><strong>prereptum</strong></span> <span class='ocrx_word' id='word_1_226' title='bbox 1022 2994 1349 3075; x_wconf 89' lang='lat' dir='ltr'><strong>parentum,</strong></span> <span class='ocrx_word' id='word_1_227' title='bbox 1414 2990 1653 3056; x_wconf 86' lang='lat' dir='ltr'><strong>scilicet</strong></span> <span class='ocrx_word' id='word_1_228' title='bbox 1697 2991 1841 3055; x_wconf 90' lang='lat' dir='ltr'><strong>Bele</strong></span> <span class='ocrx_word' id='word_1_229' title='bbox 1885 2989 1983 3054; x_wconf 91' lang='lat' dir='ltr'><strong>lV.</strong></span> <span class='ocrx_word' id='word_1_230' title='bbox 2020 2993 2079 3052; x_wconf 89' lang='lat' dir='ltr'><strong>et</strong></span> <span class='ocrx_word' id='word_1_231' title='bbox 2109 2989 2297 3052; x_wconf 83' lang='lat' dir='ltr'><strong>Marie</strong></span> <span class='ocrx_word' id='word_1_232' title='bbox 2341 2990 2574 3073; x_wconf 86' lang='lat' dir='ltr'><strong>regine,</strong></span> <span class='ocrx_word' id='word_1_233' title='bbox 2621 2998 2833 3056; x_wconf 88' lang='lat' dir='ltr'><strong>contra</strong></span> <span class='ocrx_word' id='word_1_234' title='bbox 2883 3013 2990 3056; x_wconf 91' lang='lat' dir='ltr'><strong>nos</strong></span> 
     </span>
     <span class='ocr_line' id='line_1_26' title="bbox 633 3098 2990 3174; baseline 0 -10"><span class='ocrx_word' id='word_1_235' title='bbox 633 3104 1088 3170; x_wconf 70' lang='lat' dir='ltr'><strong>insurrexerant,</strong></span> <span class='ocrx_word' id='word_1_236' title='bbox 1139 3105 1445 3163; x_wconf 90' lang='lat' dir='ltr'><strong>moventes</strong></span> <span class='ocrx_word' id='word_1_237' title='bbox 1501 3100 1845 3171; x_wconf 87' lang='lat' dir='ltr'><strong>exercitum,</strong></span> <span class='ocrx_word' id='word_1_238' title='bbox 1899 3118 2006 3162; x_wconf 92' lang='lat' dir='ltr'><strong>nos</strong></span> <span class='ocrx_word' id='word_1_239' title='bbox 2054 3098 2295 3161; x_wconf 89' lang='lat' dir='ltr'><strong>fuerunt</strong></span> <span class='ocrx_word' id='word_1_240' title='bbox 2335 3099 2628 3172; x_wconf 89' lang='lat' dir='ltr'><strong>insecuti,</strong></span> <span class='ocrx_word' id='word_1_241' title='bbox 2675 3101 2731 3174; x_wconf 85' lang='lat' dir='ltr'><strong>si</strong></span> <span class='ocrx_word' id='word_1_242' title='bbox 2786 3103 2990 3165; x_wconf 85' lang='lat' dir='ltr'><strong>facere</strong></span> 
     </span>
     <span class='ocr_line' id='line_1_27' title="bbox 633 3207 2990 3296; baseline 0 -24"><span class='ocrx_word' id='word_1_243' title='bbox 633 3216 926 3296; x_wconf 74' lang='lat' dir='ltr'><strong>putarant,</strong></span> <span class='ocrx_word' id='word_1_244' title='bbox 951 3209 1011 3272; x_wconf 90' lang='lat' dir='ltr'><strong>in</strong></span> <span class='ocrx_word' id='word_1_245' title='bbox 1044 3210 1268 3272; x_wconf 88' lang='lat' dir='ltr'><strong>ruinam</strong></span> <span class='ocrx_word' id='word_1_246' title='bbox 1303 3213 1561 3271; x_wconf 89' lang='lat' dir='ltr'><strong>nostram</strong></span> <span class='ocrx_word' id='word_1_247' title='bbox 1585 3213 1647 3272; x_wconf 89' lang='lat' dir='ltr'><strong>et</strong></span> <span class='ocrx_word' id='word_1_248' title='bbox 1664 3208 1952 3272; x_wconf 88' lang='lat' dir='ltr'><strong>iacturam</strong></span> <span class='ocrx_word' id='word_1_249' title='bbox 1984 3212 2342 3280; x_wconf 88' lang='lat' dir='ltr'><strong>nostrorum,</strong></span> <span class='ocrx_word' id='word_1_250' title='bbox 2370 3207 2710 3272; x_wconf 88' lang='lat' dir='ltr'><strong>auferentes</strong></span> <span class='ocrx_word' id='word_1_251' title='bbox 2740 3215 2804 3273; x_wconf 91' lang='lat' dir='ltr'><strong>et</strong></span> <span class='ocrx_word' id='word_1_252' title='bbox 2833 3212 2990 3274; x_wconf 90' lang='lat' dir='ltr'><strong>reci-</strong></span> 
     </span>
     <span class='ocr_line' id='line_1_28' title="bbox 633 3300 2991 3404; baseline 0.001 -24"><span class='ocrx_word' id='word_1_253' title='bbox 633 3320 862 3404; x_wconf 68' lang='lat' dir='ltr'><strong>pientes</strong></span> <span class='ocrx_word' id='word_1_254' title='bbox 896 3320 1128 3401; x_wconf 84' lang='lat' dir='ltr'><strong>prefato</strong></span> <span class='ocrx_word' id='word_1_255' title='bbox 1161 3317 1448 3401; x_wconf 89' lang='lat' dir='ltr'><strong>magistro</strong></span> <span class='ocrx_word' id='word_1_256' title='bbox 1481 3318 1743 3393; x_wconf 87' lang='lat' dir='ltr'><strong>Andree,</strong></span> <span class='ocrx_word' id='word_1_257' title='bbox 1778 3321 1838 3380; x_wconf 88' lang='lat' dir='ltr'><strong>et</strong></span> <span class='ocrx_word' id='word_1_258' title='bbox 1872 3318 1993 3381; x_wconf 91' lang='lat' dir='ltr'><strong>suis</strong></span> <span class='ocrx_word' id='word_1_259' title='bbox 2026 3315 2374 3389; x_wconf 80' lang='lat' dir='ltr'><strong>heredibuS,</strong></span> <span class='ocrx_word' id='word_1_260' title='bbox 2409 3300 2820 3404; x_wconf 85' lang='lat' dir='ltr'><strong>heredumque</strong></span> <span class='ocrx_word' id='word_1_261' title='bbox 2853 3340 2991 3383; x_wconf 87' lang='lat' dir='ltr'><strong>suc-</strong></span> 
     </span>
     <span class='ocr_line' id='line_1_29' title="bbox 633 3424 2991 3514; baseline -0 -22"><span class='ocrx_word' id='word_1_262' title='bbox 633 3425 978 3492; x_wconf 74' lang='lat' dir='ltr'><strong>cessoribus</strong></span> <span class='ocrx_word' id='word_1_263' title='bbox 1037 3447 1168 3491; x_wconf 90' lang='lat' dir='ltr'><strong>cum</strong></span> <span class='ocrx_word' id='word_1_264' title='bbox 1222 3426 1604 3499; x_wconf 89' lang='lat' dir='ltr'><strong>monasterio,</strong></span> <span class='ocrx_word' id='word_1_265' title='bbox 1664 3446 1794 3490; x_wconf 91' lang='lat' dir='ltr'><strong>cum</strong></span> <span class='ocrx_word' id='word_1_266' title='bbox 1849 3431 2025 3510; x_wconf 89' lang='lat' dir='ltr'><strong>portu</strong></span> <span class='ocrx_word' id='word_1_267' title='bbox 2058 3428 2119 3494; x_wconf 87' lang='lat' dir='ltr'><strong>in</strong></span> <span class='ocrx_word' id='word_1_268' title='bbox 2152 3424 2649 3509; x_wconf 79' lang='lat' dir='ltr'><strong>Petervarad&#39;gya‚</strong></span> <span class='ocrx_word' id='word_1_269' title='bbox 2688 3429 2991 3514; x_wconf 88' lang='lat' dir='ltr'><strong>utriusque</strong></span> 
     </span>
     <span class='ocr_line' id='line_1_30' title="bbox 637 3534 2996 3620; baseline 0.002 -24"><span class='ocrx_word' id='word_1_270' title='bbox 637 3540 821 3620; x_wconf 75' lang='lat' dir='ltr'><strong>partis</strong></span> <span class='ocrx_word' id='word_1_271' title='bbox 853 3536 1126 3608; x_wconf 88' lang='lat' dir='ltr'><strong>Danubii,</strong></span> <span class='ocrx_word' id='word_1_272' title='bbox 1161 3555 1290 3600; x_wconf 90' lang='lat' dir='ltr'><strong>cum</strong></span> <span class='ocrx_word' id='word_1_273' title='bbox 1327 3535 1455 3598; x_wconf 84' lang='lat' dir='ltr'><strong>foro</strong></span> <span class='ocrx_word' id='word_1_274' title='bbox 1491 3540 1550 3598; x_wconf 85' lang='lat' dir='ltr'><strong>et</strong></span> <span class='ocrx_word' id='word_1_275' title='bbox 1585 3535 1827 3606; x_wconf 81' lang='lat' dir='ltr'><strong>iudicio,</strong></span> <span class='ocrx_word' id='word_1_276' title='bbox 1876 3554 2007 3597; x_wconf 90' lang='lat' dir='ltr'><strong>cum</strong></span> <span class='ocrx_word' id='word_1_277' title='bbox 2033 3535 2311 3598; x_wconf 74' lang='lat' dir='ltr'><strong>‘omnibus</strong></span> <span class='ocrx_word' id='word_1_278' title='bbox 2365 3534 2498 3598; x_wconf 90' lang='lat' dir='ltr'><strong>aliis</strong></span> <span class='ocrx_word' id='word_1_279' title='bbox 2541 3536 2896 3600; x_wconf 87' lang='lat' dir='ltr'><strong>utilitatibus</strong></span> <span class='ocrx_word' id='word_1_280' title='bbox 2939 3543 2996 3600; x_wconf 91' lang='lat' dir='ltr'><strong>et</strong></span> 
     </span>
     <span class='ocr_line' id='line_1_31' title="bbox 637 3642 2997 3728; baseline 0 -20"><span class='ocrx_word' id='word_1_281' title='bbox 637 3644 1014 3728; x_wconf 72' lang='lat' dir='ltr'><strong>pertiuentiis</strong></span> <span class='ocrx_word' id='word_1_282' title='bbox 1048 3646 1173 3708; x_wconf 90' lang='lat' dir='ltr'><strong>suis</strong></span> <span class='ocrx_word' id='word_1_283' title='bbox 1209 3664 1278 3706; x_wconf 78' lang='lat' dir='ltr'><strong>ex</strong></span> <span class='ocrx_word' id='word_1_284' title='bbox 1312 3648 1513 3707; x_wconf 88' lang='lat' dir='ltr'><strong>nostra</strong></span> <span class='ocrx_word' id='word_1_285' title='bbox 1547 3642 1738 3727; x_wconf 89' lang='lat' dir='ltr'><strong>gratia</strong></span> <span class='ocrx_word' id='word_1_286' title='bbox 1782 3642 2030 3726; x_wconf 89' lang='lat' dir='ltr'><strong>speciali</strong></span> <span class='ocrx_word' id='word_1_287' title='bbox 2076 3643 2426 3707; x_wconf 88' lang='lat' dir='ltr'><strong>contulimus</strong></span> <span class='ocrx_word' id='word_1_288' title='bbox 2472 3646 2911 3728; x_wconf 87' lang='lat' dir='ltr'><strong>perpetualiter</strong></span> <span class='ocrx_word' id='word_1_289' title='bbox 2941 3651 2997 3709; x_wconf 87' lang='lat' dir='ltr'><strong>et</strong></span> 
     </span>
     <span class='ocr_line' id='line_1_32' title="bbox 637 3751 2997 3837; baseline 0.001 -21"><span class='ocrx_word' id='word_1_290' title='bbox 637 3752 1115 3817; x_wconf 71' lang='lat' dir='ltr'><strong>irrevocabiliter</strong></span> <span class='ocrx_word' id='word_1_291' title='bbox 1146 3753 1593 3837; x_wconf 88' lang='lat' dir='ltr'><strong>possidendam.</strong></span> <span class='ocrx_word' id='word_1_292' title='bbox 1628 3751 1707 3815; x_wconf 89' lang='lat' dir='ltr'><strong>Ut</strong></span> <span class='ocrx_word' id='word_1_293' title='bbox 1737 3752 1921 3836; x_wconf 88' lang='lat' dir='ltr'><strong>igitur</strong></span> <span class='ocrx_word' id='word_1_294' title='bbox 1956 3754 2070 3816; x_wconf 90' lang='lat' dir='ltr'><strong>hec</strong></span> <span class='ocrx_word' id='word_1_295' title='bbox 2105 3757 2306 3815; x_wconf 89' lang='lat' dir='ltr'><strong>nostra</strong></span> <span class='ocrx_word' id='word_1_296' title='bbox 2343 3752 2581 3817; x_wconf 88' lang='lat' dir='ltr'><strong>collatio</strong></span> <span class='ocrx_word' id='word_1_297' title='bbox 2613 3755 2799 3818; x_wconf 90' lang='lat' dir='ltr'><strong>robur</strong></span> <span class='ocrx_word' id='word_1_298' title='bbox 2846 3755 2997 3818; x_wconf 90' lang='lat' dir='ltr'><strong>obti-</strong></span> 
     </span>
     <span class='ocr_line' id='line_1_33' title="bbox 641 3860 2998 3947; baseline 0 -23"><span class='ocrx_word' id='word_1_299' title='bbox 641 3872 777 3924; x_wconf 74' lang='lat' dir='ltr'><strong>neat</strong></span> <span class='ocrx_word' id='word_1_300' title='bbox 811 3864 1102 3947; x_wconf 86' lang='lat' dir='ltr'><strong>perpetue</strong></span> <span class='ocrx_word' id='word_1_301' title='bbox 1137 3862 1454 3935; x_wconf 87' lang='lat' dir='ltr'><strong>firmitatis,</strong></span> <span class='ocrx_word' id='word_1_302' title='bbox 1489 3882 1603 3927; x_wconf 91' lang='lat' dir='ltr'><strong>nec</strong></span> <span class='ocrx_word' id='word_1_303' title='bbox 1656 3862 1719 3924; x_wconf 90' lang='lat' dir='ltr'><strong>in</strong></span> <span class='ocrx_word' id='word_1_304' title='bbox 1774 3860 1966 3944; x_wconf 87' lang='lat' dir='ltr'><strong>aliquo</strong></span> <span class='ocrx_word' id='word_1_305' title='bbox 2026 3880 2207 3924; x_wconf 89' lang='lat' dir='ltr'><strong>cursu</strong></span> <span class='ocrx_word' id='word_1_306' title='bbox 2261 3867 2594 3944; x_wconf 88' lang='lat' dir='ltr'><strong>temporum</strong></span> <span class='ocrx_word' id='word_1_307' title='bbox 2639 3882 2749 3944; x_wconf 89' lang='lat' dir='ltr'><strong>per</strong></span> <span class='ocrx_word' id='word_1_308' title='bbox 2794 3884 2998 3947; x_wconf 88' lang='lat' dir='ltr'><strong>quem-</strong></span> 
     </span>
     <span class='ocr_line' id='line_1_34' title="bbox 641 3968 2994 4056; baseline 0.001 -24"><span class='ocrx_word' id='word_1_309' title='bbox 641 3972 796 4056; x_wconf 75' lang='lat' dir='ltr'><strong>piam</strong></span> <span class='ocrx_word' id='word_1_310' title='bbox 827 3969 1020 4054; x_wconf 87' lang='lat' dir='ltr'><strong>possit</strong></span> <span class='ocrx_word' id='word_1_311' title='bbox 1053 3972 1147 4033; x_wconf 90' lang='lat' dir='ltr'><strong>vel</strong></span> <span class='ocrx_word' id='word_1_312' title='bbox 1182 3969 1398 4034; x_wconf 90' lang='lat' dir='ltr'><strong>debeat</strong></span> <span class='ocrx_word' id='word_1_313' title='bbox 1432 3970 1491 4033; x_wconf 92' lang='lat' dir='ltr'><strong>in</strong></span> <span class='ocrx_word' id='word_1_314' title='bbox 1529 3971 1761 4033; x_wconf 89' lang='lat' dir='ltr'><strong>irritum</strong></span> <span class='ocrx_word' id='word_1_315' title='bbox 1794 3969 2097 4040; x_wconf 87' lang='lat' dir='ltr'><strong>revocari,</strong></span> <span class='ocrx_word' id='word_1_316' title='bbox 2134 3975 2232 4031; x_wconf 85' lang='lat' dir='ltr'><strong>aut</strong></span> <span class='ocrx_word' id='word_1_317' title='bbox 2265 3968 2635 4053; x_wconf 87' lang='lat' dir='ltr'><strong>aliquatenus</strong></span> <span class='ocrx_word' id='word_1_318' title='bbox 2682 3973 2994 4035; x_wconf 87' lang='lat' dir='ltr'><strong>retractari</strong></span> 
     </span>
     <span class='ocr_line' id='line_1_35' title="bbox 641 4078 2975 4164; baseline -0 -20"><span class='ocrx_word' id='word_1_319' title='bbox 641 4084 868 4164; x_wconf 71' lang='lat' dir='ltr'><strong>pretato</strong></span> <span class='ocrx_word' id='word_1_320' title='bbox 903 4080 1187 4161; x_wconf 89' lang='lat' dir='ltr'><strong>magistro</strong></span> <span class='ocrx_word' id='word_1_321' title='bbox 1223 4078 1458 4141; x_wconf 82' lang='lat' dir='ltr'><strong>Andree</strong></span> <span class='ocrx_word' id='word_1_322' title='bbox 1491 4083 1552 4142; x_wconf 90' lang='lat' dir='ltr'><strong>et</strong></span> <span class='ocrx_word' id='word_1_323' title='bbox 1584 4079 1708 4142; x_wconf 90' lang='lat' dir='ltr'><strong>suis</strong></span> <span class='ocrx_word' id='word_1_324' title='bbox 1742 4078 2002 4161; x_wconf 89' lang='lat' dir='ltr'><strong>posteris</strong></span> <span class='ocrx_word' id='word_1_325' title='bbox 2035 4083 2349 4161; x_wconf 81' lang='lat' dir='ltr'><strong>presentes</strong></span> <span class='ocrx_word' id='word_1_326' title='bbox 2396 4079 2804 4143; x_wconf 90' lang='lat' dir='ltr'><strong>concessimus</strong></span> <span class='ocrx_word' id='word_1_327' title='bbox 2840 4079 2975 4144; x_wconf 83' lang='lat' dir='ltr'><strong>litte</strong></span> 
     </span>
     <span class='ocr_line' id='line_1_36' title="bbox 641 4185 2983 4271; baseline -0.001 -19"><span class='ocrx_word' id='word_1_328' title='bbox 641 4212 737 4252; x_wconf 78' lang='lat' dir='ltr'><strong>ras</strong></span> <span class='ocrx_word' id='word_1_329' title='bbox 793 4187 1048 4271; x_wconf 89' lang='lat' dir='ltr'><strong>duplicis</strong></span> <span class='ocrx_word' id='word_1_330' title='bbox 1105 4187 1288 4271; x_wconf 86' lang='lat' dir='ltr'><strong>sigilli</strong></span> <span class='ocrx_word' id='word_1_331' title='bbox 1343 4188 1532 4250; x_wconf 87' lang='lat' dir='ltr'><strong>nostri</strong></span> <span class='ocrx_word' id='word_1_332' title='bbox 1576 4186 1896 4251; x_wconf 90' lang='lat' dir='ltr'><strong>munimine</strong></span> <span class='ocrx_word' id='word_1_333' title='bbox 1952 4185 2284 4250; x_wconf 87' lang='lat' dir='ltr'><strong>roboratas.</strong></span> <span class='ocrx_word' id='word_1_334' title='bbox 2352 4186 2564 4250; x_wconf 88' lang='lat' dir='ltr'><strong>Datum</strong></span> <span class='ocrx_word' id='word_1_335' title='bbox 2619 4209 2731 4271; x_wconf 84' lang='lat' dir='ltr'><strong>per</strong></span> <span class='ocrx_word' id='word_1_336' title='bbox 2790 4209 2983 4252; x_wconf 84' lang='lat' dir='ltr'><strong>manus</strong></span> 
     </span>
    </p>
   </div>
   <div class='ocr_carea' id='block_1_4' title="bbox 641 4293 2975 4470">
    <p class='ocr_par' dir='ltr' id='par_1_4' title="bbox 641 4293 2975 4470">
     <span class='ocr_line' id='line_1_37' title="bbox 641 4293 2975 4380; baseline 0 -20"><span class='ocrx_word' id='word_1_337' title='bbox 641 4296 909 4380; x_wconf 77' lang='lat' dir='ltr'><strong>magistri</strong></span> <span class='ocrx_word' id='word_1_338' title='bbox 957 4297 1138 4370; x_wconf 89' lang='lat' dir='ltr'><strong>Petri,</strong></span> <span class='ocrx_word' id='word_1_339' title='bbox 1196 4296 1398 4361; x_wconf 85' lang='lat' dir='ltr'><strong>dilecti</strong></span> <span class='ocrx_word' id='word_1_340' title='bbox 1431 4301 1492 4359; x_wconf 89' lang='lat' dir='ltr'><strong>et</strong></span> <span class='ocrx_word' id='word_1_341' title='bbox 1543 4295 1742 4360; x_wconf 88' lang='lat' dir='ltr'><strong>fidelis</strong></span> <span class='ocrx_word' id='word_1_342' title='bbox 1776 4296 1991 4369; x_wconf 88' lang='lat' dir='ltr'><strong>nostri,</strong></span> <span class='ocrx_word' id='word_1_343' title='bbox 2031 4293 2164 4358; x_wconf 90' lang='lat' dir='ltr'><strong>aule</strong></span> <span class='ocrx_word' id='word_1_344' title='bbox 2208 4300 2413 4360; x_wconf 88' lang='lat' dir='ltr'><strong>nostre</strong></span> <span class='ocrx_word' id='word_1_345' title='bbox 2457 4295 2803 4362; x_wconf 89' lang='lat' dir='ltr'><strong>cancellarii</strong></span> <span class='ocrx_word' id='word_1_346' title='bbox 2851 4317 2975 4361; x_wconf 80' lang='lat' dir='ltr'><strong>ann(</strong></span> 
     </span>
     <span class='ocr_line' id='line_1_38' title="bbox 641 4405 1336 4470; baseline -0.001 -2"><span class='ocrx_word' id='word_1_347' title='bbox 641 4408 856 4470; x_wconf 64' lang='lat' dir='ltr'><strong>dunfini</strong></span> <span class='ocrx_word' id='word_1_348' title='bbox 893 4406 971 4469; x_wconf 89' lang='lat' dir='ltr'><strong>M.</strong></span> <span class='ocrx_word' id='word_1_349' title='bbox 1009 4405 1336 4470; x_wconf 83' lang='lat' dir='ltr'><strong>CCLXVII.</strong></span> 
     </span>
    </p>
   </div>
   <div class='ocr_carea' id='block_1_5' title="bbox 3064 0 3124 410">
    <p class='ocr_par' dir='ltr' id='par_1_5' title="bbox 3064 0 3124 417">
     <span class='ocr_line' id='line_1_39' title="bbox 3064 0 3124 410; baseline 0 0"><span class='ocrx_word' id='word_1_350' title='bbox 3064 0 3124 410; x_wconf 74' lang='lat' dir='ltr'><strong>l</strong></span> 
     </span>
    </p>
   </div>
   <div class='ocr_carea' id='block_1_6' title="bbox 3121 432 3130 511">
    <p class='ocr_par' dir='ltr' id='par_1_6' title="bbox 3121 432 3130 534">
     <span class='ocr_line' id='line_1_40' title="bbox 3121 432 3130 511; baseline 0 23"><span class='ocrx_word' id='word_1_351' title='bbox 3121 432 3130 511; x_wconf 68' lang='lat'><strong>¹</strong></span> 
     </span>
    </p>
   </div>
   <div class='ocr_carea' id='block_1_7' title="bbox 3133 698 3138 865">
    <p class='ocr_par' dir='ltr' id='par_1_7' title="bbox 3133 698 3138 865">
     <span class='ocr_line' id='line_1_41' title="bbox 3133 698 3138 865; baseline 0 -26"><span class='ocrx_word' id='word_1_352' title='bbox 3133 698 3138 865; x_wconf 66' lang='lat' dir='ltr'><strong>l</strong></span> 
     </span>
    </p>
   </div>
  </div>
 </body>
</html>
