3150 5092
350 347 423 421 176

344 523 599 607 metallurgorum,
617 527 648 588 et
669 523 743 588 terri
764 523 916 588 fabrorum
932 525 986 597 uti,
1003 525 1059 588 frui
1075 535 1107 590 et
1122 527 1256 610 gaudere
1271 527 1389 611 possint
1404 529 1438 590 iu
1453 547 1518 612 per-

343 640 473 718 petuum,
492 653 614 698 censum
631 652 748 718 quoque
764 632 802 696 ad
814 634 907 697 instar
919 631 1036 696 illorum
1052 633 1171 698 solvere
1184 655 1241 698 non
1258 611 1410 709 recusent,
1431 658 1519 723 eaque

341 749 485 827 perpetua
499 742 649 826 gaudeant
661 740 879 823 jurisdictionis
890 739 1040 813 libertate,
1052 748 1083 805 ut
1094 743 1245 826 proprium
1262 725 1383 827 semper
1394 743 1520 810 habeant

341 852 558 933 magistratum,
575 857 605 915 et
615 849 761 933 judicem,
771 851 969 934 senioresque
982 869 1000 912 e
1014 849 1129 930 gremio
1141 849 1257 914 illorum
1274 872 1328 936 per
1343 851 1443 916 libera
1458 860 1520 918 vota

341 960 508 1044 eligendos,
525 980 623 1024 coram
640 960 758 1045 quibus,
774 966 806 1023 et
817 957 922 1022 nullibi
936 956 1009 1021 alibi
1024 963 1128 1042 preter
1150 964 1251 1023 nostre
1266 961 1452 1043 majestatis,
1475 967 1521 1026 aut

337 1070 450 1153 judicis
472 1069 690 1134 tavernicorum
714 1074 888 1133 consectum
916 1068 979 1150 juri
1006 1073 1086 1132 stare
1111 1073 1284 1142 teneantur,
1314 1092 1372 1135 nec
1395 1071 1522 1154 judicari

339 1178 471 1263 possint;
501 1179 623 1261 insuper
637 1176 764 1260 singulis
781 1175 977 1242 hebdomadis
993 1175 1183 1240 concedimus
1198 1176 1258 1240 illis
1274 1178 1303 1239 in
1320 1178 1371 1241 die
1383 1178 1519 1243 sabbathi

339 1286 466 1351 liberum
482 1287 578 1350 forum
595 1287 797 1358 annonarium,
807 1306 892 1350 usum
900 1304 1018 1368 quoque
1030 1285 1180 1358 silvarum,
1188 1305 1340 1371 aquarum,
1347 1291 1380 1351 et
1390 1308 1519 1372 pascuo·

337 1416 402 1460 rum
418 1415 473 1480 pro
489 1396 575 1479 equis
591 1394 756 1459 clitellariis
769 1395 808 1459 ad
823 1395 993 1458 distantiam
1008 1394 1094 1457 unius
1111 1399 1193 1458 raste
1208 1415 1313 1459 versus
1330 1395 1517 1462 occidentem

337 1507 444 1571 iisdem
456 1507 647 1570 conterimus.
661 1505 692 1569 ln
704 1506 788 1588 cujus
801 1507 847 1569 rei
857 1505 1039 1576 memoriam,
1051 1509 1084 1568 ut
1094 1510 1190 1569 status
1205 1504 1353 1570 dictorum
1369 1507 1518 1591 hospitum

336 1622 504 1681 nostrorum
532 1635 588 1699 per
616 1635 670 1678 nos
698 1634 817 1699 quoque
843 1615 1000 1682 innovatam
1026 1623 1059 1680 et
1080 1623 1187 1682 auctus
1211 1618 1312 1682 firmus
1339 1639 1518 1702 permanere

336 1733 427 1811 queat
448 1727 477 1789 in
500 1729 686 1808 perpetuum,
710 1745 916 1809 processuque
937 1728 1081 1810 temporis
1103 1726 1183 1790 nulla
1204 1727 1236 1790 in
1258 1732 1344 1811 parte
1360 1729 1518 1794 retractari

335 1835 442 1909 valeat,
459 1841 615 1918 presentes
629 1834 835 1899 concessimus
850 1834 952 1898 literas
969 1835 1119 1920 dupplicis
1141 1837 1235 1918 sigilli
1250 1837 1345 1901 nostri
1359 1837 1519 1908 munimine

335 1946 501 2009 roboratas.
527 1944 631 2007 Datum
655 1964 710 2028 per
728 1963 833 2008 manus
849 1943 973 2008 discreti
988 1945 1045 2007 riri
1061 1945 1196 2026 magistri
1218 1944 1371 2010 Theodori
1387 1947 1518 2012 ecclesie

333 2053 473 2117 Albensis
486 2051 643 2136 prepositi,
661 2052 727 2115 aule
742 2057 847 2114 nostre
858 2054 925 2116 vice
941 2053 1124 2125 cancellarii,
1142 2052 1245 2118 dilecti
1261 2059 1292 2118 et
1307 2053 1410 2121 fidelis
1426 2057 1518 2119 nostri

331 2163 366 2225 Α.
384 2161 421 2224 D.
437 2159 591 2226 Mucxel.
608 2160 695 2242 regni
712 2164 810 2223 autem
827 2163 920 2224 nostri
937 2183 1012 2226 anno
1028 2163 1049 2225 l.

831 2346 1022 2418 CLXXVlll.

802 2483 882 2540 saer.
910 2483 1046 2538 narrare.

420 2596 481 2660 Nos
503 2633 546 2643 -
562 2631 605 2641 -
621 2631 666 2640 —
682 2631 724 2642 -
740 2596 824 2658 vices
846 2615 958 2678 gerens
980 2596 1048 2660 vice
1067 2594 1201 2660 hadislai
1222 2595 1377 2668 waiuode,
1409 2596 1513 2658 damus
1561 2582 1562 2585 ¹

328 2723 383 2790 pro
406 2705 546 2768 memoria
570 2723 625 2787 per
641 2708 810 2787 presentes,
833 2704 912 2788 quod
929 2724 975 2777 ea,
992 2724 1050 2790 que
1066 2705 1260 2768 vertebantur
1273 2705 1354 2769 inter
1370 2704 1509 2768 comitem

327 2813 491 2896 Nycolaum
507 2811 598 2876 filium
612 2849 655 2860 -
672 2811 731 2876 blol
747 2849 789 2860 -
808 2812 845 2876 ab
860 2832 918 2876 una
930 2818 1026 2895 parte,
1048 2818 1079 2876 et
1097 2813 1177 2876 inter
1198 2811 1358 2897 capitulum
1375 2813 1509 2877 ecclesie
1561 2831 1562 2889 g

325 2920 407 2986 beati
419 2919 584 3007 Mychaalis
595 2921 791 2986 Transilvane
809 2919 846 2984 ab
863 2919 957 2984 altera
974 2941 1066 3006 super
1082 2927 1164 2986 terra
1172 2922 1377 2988 Lobusteloke
1392 2924 1508 2993 vocata,

325 3031 404 3096 idem
422 3051 523 3095 comes
541 3030 690 3114 Nycolous
706 3031 736 3094 in
753 3029 866 3093 octauis
888 3030 1056 3113 epyphanie
1072 3030 1182 3094 domini
1197 3030 1229 3094 in
1244 3029 1314 3093 ailla
1329 3028 1463 3094 bleruslo
1479 3029 1508 3091 in

325 3140 566 3223 congregacione
593 3159 693 3206 coram
721 3139 807 3204 nohis
830 3141 861 3201 et
884 3157 983 3202 coram
1008 3144 1134 3224 quatuor
1155 3137 1304 3203 indicibus
1327 3159 1422 3223 super
1443 3139 1507 3223 ipsa
1561 3122 1562 3131 ἵ

324 3254 404 3312 terra
426 3247 629 3312 hoensteluhe
649 3252 754 3314 vocata
777 3245 910 3310 exhihuit
935 3245 1129 3331 priuilegium
1149 3246 1224 3312 dicti
1240 3246 1375 3330 capituli,
1399 3246 1506 3332 quibus

324 3357 398 3421 risis
415 3361 445 3420 et
461 3356 603 3440 perlectis
619 3357 717 3440 ipsum
733 3353 896 3438 capitulum
906 3355 1014 3420 dictam
1023 3361 1134 3422 terram
1148 3354 1350 3420 Locusteluhe
1362 3359 1508 3426 vocatam,

323 3465 379 3530 sub
399 3455 514 3529 eisdem
531 3467 618 3529 metis
636 3471 666 3529 et
682 3465 777 3546 siguis
793 3465 872 3529 sieut
887 3465 918 3527 iu
935 3463 1017 3529 dicto
1037 3466 1196 3548 priuilegio
1208 3464 1419 3530 continebatur
1434 3482 1508 3546 sepe

324 3576 404 3640 dicto
422 3574 522 3638 comiti
545 3574 677 3658 Nycolao
701 3580 732 3638 et
747 3575 810 3636 suis
831 3572 995 3638 heredibus
1017 3575 1201 3658 reliquerunt
1216 3572 1342 3657 pacifice
1359 3577 1505 3657 perpetuo

322 3689 354 3746 et
368 3683 607 3748 irrevocabiliter
623 3681 844 3765 possidendam.
870 3682 910 3745 Ut
922 3682 979 3745 hec
996 3682 1143 3746 ordinatio
1164 3680 1256 3746 robur
1279 3683 1415 3765 optineat
1434 3701 1504 3764 per·

321 3797 411 3877 petue
428 3791 575 3855 firmitatis
592 3795 750 3874 presentes
767 3791 971 3855 concessimus
987 3789 1102 3853 litteras
1119 3791 1213 3854 nostri
1234 3789 1328 3873 sigilli
1344 3791 1503 3854 munimine

320 3898 485 3965 roboratas.
502 3899 609 3963 Datum
625 3900 654 3962 in
673 3900 816 3972 Meruslo,
832 3919 908 3963 anno
925 3899 1036 3962 domiui
1052 3898 1174 3964 bt⁰CC⁰.
1192 3899 1389 3982 nonagesimo
1401 3899 1502 3982 primo.

831 4104 991 4174 CLXXIX.

869 4241 948 4295 1291.

410 4350 577 4434 Capitulum
594 4351 725 4415 ecclesie
736 4352 767 4414 h.
780 4351 936 4416 Michaelis
949 4351 1126 4433 archangeli
1135 4351 1342 4422 Transilvane,
1354 4351 1499 4414 universis

317 4460 429 4525 Christi
457 4459 596 4524 fidelibus
623 4465 681 4524 tam
710 4459 921 4543 presentibus,
950 4479 1035 4542 quam
1065 4460 1172 4523 futuris
1199 4480 1328 4543 presens
1356 4459 1497 4542 scriptum

315 4571 498 4655 inspecturis
521 4569 645 4634 salutem
671 4568 702 4631 in
731 4568 836 4633 salutis
861 4569 1015 4653 largitore.
1040 4569 1252 4634 Universorum
1269 4569 1376 4634 notitie
1398 4569 1498 4632 harum
1561 4618 1562 4647 q
