3150 5092
1252 340 1302 414 rt

7 497 9 600 l
103 529 256 586 terrarum
276 519 360 588 salua
383 541 502 605 semper
525 526 557 585 et
580 521 757 586 inconcussa
779 525 966 603 permaneat,
982 539 1040 584 uec
1060 537 1117 603 per
1135 515 1305 601 quempiam

103 628 204 693 valeat
230 627 340 693 violari
369 633 529 712 presentes
552 628 758 694 concessimus
780 625 914 701 litteras,
944 626 1073 711 duplicis
1096 623 1190 708 sigilli
1211 624 1305 689 nostri

7 741 8 774 ³
103 736 268 800 munimine
289 735 457 801 roboratus.
481 737 589 801 Datum
616 756 673 820 per
694 754 799 799 manus
820 736 960 818 magistri
981 732 1138 800 Benedicti
1158 731 1307 816 prepositi

104 843 326 908 Sceleniensis
343 843 412 908 aule
425 848 528 908 nostre
543 841 799 908 vicecancellarii.
814 844 901 908 Anno
915 841 1064 906 dominice
1079 838 1306 910 incarnationis,

104 949 265 1016 millesimo
283 950 491 1017 ducentesimo
507 950 697 1036 sexagesimo
714 949 821 1033 primo.

640 1169 778 1241 cxxiv.

576 1341 658 1405 reae,
678 1341 720 1397 ro.
739 1341 849 1397 annun.

195 1489 264 1554 Nos
280 1489 441 1572 capitulum
458 1487 591 1553 ecclesie
606 1488 645 1552 de
654 1488 773 1552 Worod
786 1484 991 1570 significamus
1002 1491 1109 1549 tenore
1123 1483 1305 1567 presentium

103 1599 215 1684 quibus
233 1597 356 1681 expedit
371 1599 532 1669 universis,
550 1593 630 1680 quod
651 1595 732 1660 loon
752 1593 891 1676 wajuoda
906 1595 946 1658 de
960 1595 1102 1659 Balenae
1116 1612 1152 1655 ac
1173 1590 1257 1655 Boch
1274 1595 1307 1653 et

103 1707 178 1772 Ball
194 1707 311 1770 fratres
327 1704 375 1768 sui
391 1704 429 1768 de
446 1703 552 1768 eadem
570 1701 607 1767 ab
624 1723 692 1775 uua,
708 1708 796 1786 parte
808 1721 882 1768 vero
898 1722 934 1766 er
950 1702 1044 1765 altera
1059 1701 1212 1766 Nicotaus
1227 1698 1306 1762 lilius

108 1815 204 1880 Kend
214 1815 256 1879 de
268 1813 407 1878 Zolotno
417 1813 544 1896 Bonpo,
560 1829 614 1874 sua
628 1829 663 1874 ac
677 1807 802 1873 loannis
815 1808 954 1891 llenning
966 1807 1058 1870 Blasii
1068 1807 1202 1872 Ladislai
1213 1807 1306 1870 Tata-

105 1921 196 1985 mcrii
223 1925 256 1984 et
278 1920 409 2005 Stosyan
430 1920 558 1983 fratrum
580 1936 702 1982 suorum
719 1916 749 1982 in
770 1917 925 2000 personis,
943 1934 1067 2001 quorum
1084 1934 1159 1978 onus
1183 1918 1214 1978 et
1231 1933 1306 1996 gra·

5 2007 6 2028 ἶ
105 2049 232 2100 ramen,
263 2047 322 2112 que
350 2048 388 2092 ex
416 2031 504 2110 parte
534 2025 697 2091 eorundem
726 2023 894 2089 absentium
917 2029 1085 2107 temporum
1106 2025 1138 2086 in
1158 2041 1306 2107 processu

106 2137 145 2201 ad
161 2135 359 2218 infrascripta
376 2138 502 2218 possent
518 2132 686 2216 provenire,
703 2152 797 2216 super
811 2153 847 2197 se
862 2131 1052 2204 assumendo,
1072 2132 1104 2194 in
1121 2130 1217 2196 nostri
1234 2149 1307 2213 per·

105 2245 255 2309 sonaliter
271 2241 424 2306 consumti
441 2241 595 2325 presentia
619 2239 772 2314 dixerunt,
790 2276 835 2288 -
851 2277 895 2287 —
911 2277 955 2287 —
971 2238 1155 2312 retulerunt,
1179 2257 1215 2302 ac
1238 2238 1307 2302 rire

105 2351 193 2416 uocis
209 2349 333 2415 oraculo
350 2367 451 2412 coram
473 2348 560 2413 nobis
582 2348 772 2414 concorditer
795 2353 866 2412 sunt
881 2349 1026 2420 confessi,
1049 2346 1128 2433 quod
1144 2346 1219 2412 licet
1234 2365 1309 2412 con·

104 2457 308 2524 troversionis
330 2455 457 2519 materia
481 2460 513 2519 et
532 2454 699 2538 jurgiorum
723 2458 753 2519 in
776 2457 858 2520 iacto
882 2457 987 2520 mortis
1008 2454 1123 2520 Bilach
1145 2461 1178 2520 et
1192 2456 1307 2519 Roman

5 2639 6 2648 ἶ
105 2567 315 2651 proximorum
330 2564 498 2628 eorundem
510 2563 661 2628 diabolica
675 2569 862 2648 suggerente
873 2564 1037 2628 malitia-
1051 2566 1130 2628 inter
1139 2564 1222 2647 ipsos
1232 2562 1310 2628 erti-

103 2677 198 2739 tisset
210 2673 344 2746 suborta,
361 2671 572 2736 nichilominus
585 2671 704 2736 tandem
717 2692 852 2756 sumpmo
865 2691 965 2736 rerum
975 2673 1133 2736 maiestate
1145 2707 1189 2720 -
1214 2691 1310 2734 annu·

105 2789 190 2855 ente,
208 2781 295 2846 cuius
310 2779 502 2865 prouidentia
520 2778 611 2844 corda
628 2780 796 2844 mortalium
813 2780 933 2845 turbata
948 2781 1016 2844 tiam
1038 2815 1083 2828 ·-
1101 2779 1148 2844 sui
1171 2779 1309 2862 spiritus,

5 2935 6 2938 ,
107 2889 164 2954 sed
184 2893 215 2952 et
230 2888 267 2952 ad
279 2889 365 2973 pacis
378 2886 613 2971 tranquilitatem
629 2886 750 2952 reducit
765 2891 798 2952 et
808 2888 1187 2972 quietem,reiormatisque
1202 2885 1310 2952 induc·

105 2996 244 3062 tionibus
260 2994 425 3082 proborum
441 2995 573 3058 virorum
590 2995 717 3078 partium
732 3014 840 3079 pacem
853 2997 1014 3060 celantium
1035 2994 1307 3061 interuenientibus

105 3142 152 3154 -
168 3105 369 3170 renuntiando
391 3102 470 3168 omni
497 3102 558 3174 liti,
587 3101 754 3188 questioni,
783 3105 894 3169 actium
919 3107 1011 3187 atque
1037 3102 1223 3188 exceptioni,
1249 3123 1309 3188 que

106 3213 186 3296 ipsis
202 3214 252 3278 vel
269 3211 457 3296 quibuspiam
474 3247 518 3258 —-
535 3210 571 3275 ad
589 3212 957 3277 defendendum-suam
974 3211 1053 3294 juris
1068 3210 1309 3302 tramiterequi-

106 3327 205 3394 rente,
231 3323 331 3405 pessit
365 3318 551 3384 aminiculari
572 3319 767 3403 ignoscentes
790 3320 945 3404 sibiipsis
970 3323 1071 3384 mutua
1102 3316 1312 3384 uicissitudine

107 3429 256 3514 quidquid
267 3429 349 3493 iuter
365 3448 418 3492 eos
431 3428 576 3492 hactenus
594 3429 763 3494 exstitisset
773 3429 887 3494 illatum
899 3433 930 3492 et
941 3432 1158 3513 perpetratum,
1170 3427 1309 3491 volentes

107 3539 139 3600 in
156 3538 243 3620 pacis
259 3537 484 3623 pulchritudine
501 3538 531 3600 in
548 3555 633 3601 erum
649 3535 808 3620 gratulari,
824 3541 856 3600 et
871 3557 906 3600 se
918 3556 953 3600 se
970 3557 987 3600 a
1004 3536 1093 3600 modo
1114 3542 1146 3598 et
1161 3533 1307 3619 deinceps

105 3646 202 3709 veluti
220 3645 330 3710 iratres
346 3647 522 3709 carissimos
540 3645 662 3710 assidua
674 3643 838 3708 dilectione
854 3645 979 3730 iugique
995 3645 1097 3709 farore
1109 3647 1307 3727 pertractare,

105 3755 137 3816 in
163 3757 314 3838 perpetue
342 3753 426 3837 pacis
451 3758 482 3817 et
504 3752 665 3818 concordie
686 3753 883 3818 omnimodam
921 3752 1100 3816 deueuerint
1131 3787 1175 3798 -
1207 3771 1308 3820 coram

110 3859 200 3926 nobis
215 3860 395 3926 deueuerint
406 3861 545 3927 unionem
560 3860 614 3925 tali
630 3859 813 3924 conditionis
830 3859 1033 3924 moderamine
1048 3860 1210 3933 mediante,
1228 3859 1308 3944 quod

107 3970 134 4032 oi
163 3988 223 4052 qua
248 3968 378 4054 partium
400 3977 567 4052 temporum
589 3970 618 4032 in
646 3987 794 4051 processu
815 3968 953 4050 predicte
982 3968 1068 4051 pacis
1097 3968 1309 4041 reformacioni

107 4077 332 4151 counarenire,
346 4077 395 4144 rel
406 4079 541 4161 ipsorum
553 4096 659 4161 pacem
672 4076 866 4140 reformatam
877 4077 908 4140 in
920 4080 984 4140 toto
996 4077 1045 4142 rel
1057 4077 1088 4140 in
1101 4084 1189 4161 parte
1202 4077 1308 4161 quouis

107 4185 293 4267 subterfugii
318 4185 422 4250 colore
450 4186 571 4269 quesito
599 4189 769 4249 retrectare
792 4186 950 4257 niteretur,
973 4191 1026 4249 aut
1042 4183 1185 4257 resiliret,
1201 4191 1309 4248 extunc

107 4298 215 4358 contra
231 4294 321 4357 aliam
347 4297 464 4378 partem
493 4295 590 4378 ipsam
613 4313 717 4378 pacem
742 4292 954 4358 inviolabiliter
980 4293 1161 4358 tolerantem
1177 4294 1208 4355 in
1223 4293 1311 4376 quin-

107 4401 251 4486 quaginta
267 4402 376 4467 marcis
393 4404 635 4468 convinceretur.
660 4403 768 4466 Datum
785 4403 862 4466 teria
879 4403 969 4467 tertia
982 4403 1117 4485 proxima
1133 4406 1203 4484 post
1223 4407 1307 4466 octa-

107 4528 162 4572 vas
179 4509 251 4574 festi
267 4510 494 4595 epiphaniarum
511 4509 632 4574 domini.
658 4512 742 4575 Auno
758 4509 894 4574 eiusdem
910 4507 1092 4574 uccuxffl.
