3150 5092
1216 357 1290 428 113

90 546 292 628 temporibus,
308 547 405 629 patrie
422 565 544 618 corone,
558 552 589 609 et
601 546 687 610 nobis
701 544 801 610 fidelis
812 546 907 609 fuisse
925 547 1124 627 dignoscitur,
1143 553 1174 610 et
1190 552 1293 609 nostre

88 657 253 717 screnitati
271 653 445 718 fidelissima
468 654 614 736 impendit
642 655 776 723 seruitia,
801 654 957 718 indefesse
979 659 1010 717 et
1032 653 1209 738 specialiter
1225 674 1293 717 cum

88 782 149 845 per
159 763 272 826 Fiutha
288 763 452 845 palatinum
464 763 605 846 captiuati
620 763 791 833 fuissemus,
801 762 881 824 idem
889 759 1034 825 Nicolaus
1050 762 1176 842 vajuoda
1188 782 1293 824 omnes

90 869 229 934 honores
255 875 284 934 et
305 870 383 932 bona
406 890 459 933 sua
484 868 704 952 postponendo,
722 870 842 932 fortune
859 869 980 932 casibus
997 889 1032 932 se
1053 869 1239 940 immitendo,
1256 869 1294 932 de

89 978 272 1060 captiuitatc
288 998 343 1040 nos
361 977 511 1050 liberauit,
535 978 630 1060 igitur
652 997 706 1059 pro
730 976 885 1059 prioribus
902 981 932 1040 et
948 976 1145 1059 amplioribus
1163 976 1294 1040 servitiis

90 1084 234 1166 ejusdem
252 1091 282 1148 et
298 1085 473 1168 specialiter
495 1090 620 1168 propter
642 1085 853 1148 liberationem
878 1085 983 1156 nostri,
1007 1084 1149 1169 quasdam
1172 1105 1296 1168 posses-

90 1193 200 1254 siones
224 1192 389 1276 supradicti
413 1193 532 1257 Andree
556 1212 653 1276 prope
670 1193 799 1276 Megycs
823 1191 906 1272 juxta
929 1193 1054 1256 fluvium
1077 1194 1185 1256 Zamus
1208 1193 1294 1274 adja-

90 1305 215 1369 centes,
232 1317 332 1361 arcem
345 1299 503 1363 dahowara
521 1305 668 1370 vocatam,
685 1305 716 1362 ct
733 1301 830 1362 omnia
848 1297 906 1361 alia
919 1298 1030 1361 ibidem
1048 1301 1085 1362 ad
1102 1300 1201 1382 ipsum
1218 1320 1289 1382 per-

88 1407 231 1477 tinentia,
256 1410 287 1468 vt
303 1406 339 1469 ab
356 1405 471 1469 infideli
496 1407 676 1478 auferendo,
700 1409 785 1489 regia
809 1426 877 1470 cum
893 1406 1080 1488 benignitate
1098 1407 1247 1479 dedimus,
1264 1413 1295 1469 et

87 1513 336 1576 irreuocabiliter
359 1513 532 1578 donauimus
555 1516 730 1598 supradicto
754 1513 879 1578 Nicolao
903 1513 1056 1595 wajmde,
1085 1520 1117 1577 et
1141 1535 1198 1596 per
1226 1535 1292 1577 eum

90 1621 271 1692 heredibus,
295 1621 501 1706 heredumque
526 1643 646 1686 suorum
668 1625 903 1689 successoribus
915 1626 986 1706 jure
1002 1629 1148 1708 perpetuo
1167 1610 1197 1688 et
1214 1626 1294 1688 irre-

90 1729 276 1793 uocahiliter
307 1728 531 1812 possidendam,
559 1731 718 1794 tenendam
746 1740 777 1795 et
809 1734 980 1797 habendam
1008 1732 1061 1795 tali
1077 1732 1183 1795 modo:
1216 1735 1295 1818 quod

92 1838 193 1900 omnia
206 1839 413 1909 instrumenta,
431 1857 487 1900 seu
504 1837 664 1920 priuilegia
681 1859 800 1923 quoquo
818 1842 924 1914 modo,
948 1841 995 1904 vel
1017 1860 1076 1924 quo
1100 1839 1185 1903 titulo
1202 1861 1295 1924 super

92 1946 189 2009 dictis
207 1945 453 2029 possessionibus
470 1945 629 2016 lahorem,
648 1950 678 2007 ct
692 1947 759 2010 aliis
777 1953 923 2021 emanata,
937 1969 1025 2012 cassa
1042 1949 1111 2020 sint,
1128 1953 1160 2010 et
1176 1949 1295 2031 penitus

90 2052 212 2116 viribus
230 2053 370 2116 caritura.
396 2053 539 2116 Volumus
557 2054 661 2125 etiam,
685 2056 764 2139 quod
793 2057 964 2140 quicunque
989 2055 1028 2118 de
1051 2055 1198 2138 predictis
1224 2054 1294 2117 liliis

91 2160 434 2232 Andreedakohndras,
449 2166 499 2224 aut
515 2163 561 2225 sui
574 2181 783 2234 successores,
800 2163 849 2228 vel
867 2163 958 2246 aliqui
976 2163 1014 2226 de
1030 2182 1144 2244 genere
1160 2162 1296 2246 llaplyou

91 2269 247 2331 nominato
270 2267 426 2331 Nicolaum
449 2267 622 2348 vajuodam,
651 2275 703 2334 aut
730 2291 801 2334 suos
823 2271 954 2335 heredes
978 2271 1095 2334 ratione
1117 2270 1290 2353 possessio·

93 2397 166 2438 num
185 2375 389 2457 predictarum
402 2376 570 2460 iuquietare
584 2377 762 2450 niterentur,
770 2379 801 2440 in
813 2397 976 2460 grauamen
992 2377 1177 2441 infidelitatis
1194 2379 1295 2441 incur·

93 2487 166 2546 rant
183 2503 219 2545 eo
242 2482 333 2547 sacto.
358 2483 398 2546 Vt
413 2483 507 2564 igitur
526 2485 645 2548 donatio
671 2484 730 2548 bec
746 2490 850 2548 nostra
867 2485 959 2549 robur
976 2489 1123 2569 perpetue
1148 2483 1295 2548 firmitatis

93 2590 242 2660 obtineat,
267 2609 323 2686 uec
348 2592 445 2673 possit
468 2591 554 2673 lapsu
581 2596 748 2674 temporum
773 2613 828 2675 per
845 2593 1012 2676 quempiam
1029 2593 1140 2655 irritari
1158 2597 1188 2656 et
1203 2613 1295 2655 reuo-

11 2681 12 2712 ³
94 2697 177 2767 cari;
204 2702 364 2778 presentes
393 2699 599 2760 concessimus
620 2697 755 2772 litteras,
784 2700 876 2781 sigilli
899 2701 996 2764 nostri
1020 2699 1170 2783 dupplicis
1197 2700 1295 2762 muni-

11 2803 12 2872 }
93 2803 177 2866 mine
194 2804 363 2867 roboratas.
387 2802 496 2867 Datum
513 2825 569 2887 per
592 2825 696 2869 manus
720 2807 856 2888 magistri
880 2807 1046 2880 benedicti,
1076 2807 1295 2889 Strigoniensis

96 2912 235 2974 ecclesie
264 2910 366 2983 electi,
395 2917 426 2975 et
446 2912 594 2995 prepositi
619 2913 778 2987 Budensis,
808 2915 877 2978 aule
905 2920 1009 2978 nostre
1033 2914 1294 2978 vice-cancellarii

94 3018 201 3084 dilecti
219 3023 249 3082 et
265 3018 364 3082 fidelis
382 3021 488 3082 nostri.
514 3023 597 3085 Auno
616 3022 728 3085 domini
747 3021 981 3086 mccuxxvm.
1006 3023 1133 3106 septimo
1150 3020 1294 3085 calendas

95 3127 210 3198 Martii,
223 3128 311 3208 regni
327 3132 426 3191 autem
443 3130 538 3192 nostri
556 3150 630 3192 anno
647 3129 694 3194 lll.
712 3129 799 3217 (vl.)
962 3124 964 3127 ¹

638 3315 760 3383 cxvu.

658 3451 736 3502 1278.

194 3556 354 3619 Ladislaus
371 3556 429 3620 Dei
445 3558 546 3638 gratie
563 3559 728 3641 Hungaric,
745 3558 910 3630 Dalmacie,
925 3557 1057 3631 Croatie,
1071 3558 1174 3634 llame,
1187 3556 1296 3620 Seruie

98 3664 241 3737 Gallicie,
258 3665 450 3736 Lodomerie,
468 3664 621 3736 Cumauie,
639 3666 844 3750 bulgarieque
861 3686 913 3729 rex
930 3665 1067 3728 omnibus
1085 3663 1200 3728 Christi
1219 3664 1297 3726 fide-

96 3773 180 3837 libus
197 3780 373 3856 presentem
389 3774 529 3855 paginam
545 3773 728 3855 inspecturis
745 3773 872 3835 salutem
885 3774 916 3834 in
930 3774 1059 3835 omnium
1074 3772 1235 3835 saluatore.
1252 3771 1296 3834 Ad

97 3883 309 3945 rniuersorum
336 3882 492 3952 noticiam,
521 3885 579 3942 tam
603 3881 814 3963 presencium,
841 3900 929 3963 quam
958 3889 1164 3963 posterorum,
1192 3880 1297 3943 harum

98 3991 182 4052 serie
197 3989 334 4051 volumus
350 3988 522 4070 peruenire,
539 3989 619 4072 quod
638 4008 705 4051 cum
723 3988 884 4071 capitulum
898 3987 1031 4050 ecclesie
1047 3987 1128 4050 beati
1142 3986 1298 4050 Michaelis

11 4129 12 4132 ¹
97 4097 331 4168 Transsilvane,
349 4097 526 4167 ordinatum,
544 4117 560 4158 a
576 4097 691 4160 sanctis
707 4096 952 4179 progenitoribus
970 4097 1083 4159 nostris
1106 4101 1137 4158 et
1158 4095 1298 4167 locatum,

97 4227 156 4289 per
172 4205 304 4268 furorem
319 4182 349 4268 et
361 4205 475 4268 rabiem
489 4205 589 4286 gentis
599 4203 748 4268 Saxonice
761 4205 855 4287 partis
868 4203 1104 4275 Traussilvanie,
1116 4204 1146 4266 in
1157 4203 1298 4266 destruc·

98 4316 190 4379 cione
206 4317 238 4376 et
249 4312 457 4377 combustione
473 4311 606 4376 ecclesie
623 4313 770 4384 eiusdem,
785 4317 816 4374 et
828 4314 1071 4376 concrematione
1087 4312 1298 4375 canonicorum

98 4423 168 4486 fere
186 4421 326 4492 omnium,
343 4440 400 4483 nec
417 4439 475 4482 uon
492 4419 698 4483 uniuersorum
716 4420 892 4503 populorum
910 4418 1163 4503 predialium,per
1179 4416 1298 4488 cedem,

99 4534 133 4592 et
158 4528 273 4591 rabiem
303 4527 453 4590 Saxonum
482 4527 704 4610 predictorum,
738 4527 940 4611 extirpacione
963 4526 1039 4589 adeo
1067 4527 1107 4588 sit
1133 4524 1298 4607 perditum,

132 4635 453 4682 sonus,nstn.11.su.xv,
1065 4630 1084 4684 8
