3150 5092
641 310 742 380 „4
2984 7 3111 387 Ὶ

635 484 891 571 duplicis
923 486 1109 568 sigilli
1142 487 1334 551 nostri
1376 487 1699 552 munimine
1733 489 2066 554 roboratas,
2099 492 2309 555 Datum
2347 512 2458 574 per
2488 511 2700 555 manus
2736 492 3035 573 magistri

637 597 797 659 Petri
829 594 1036 660 dilecti
1068 604 1131 660 et
1162 595 1359 661 fidelis
1393 603 1598 660 nostre
1629 597 1762 662 aule
1795 604 2000 663 nostra
2032 600 2165 664 vioe
2198 599 2544 664 cancellarii
2575 621 2630 663 a.
2662 601 2737 664 D.
2775 600 3025 665 126912.

1712 785 1931 857 XCVL

1736 921 1893 977 1269.

802 1027 927 1093 Nos
954 1029 1293 1093 universum
1328 1032 1653 1114 capitulum
1674 1031 1948 1096 Albensis
1976 1033 2237 1095 ecclesie
2251 1031 2646 1096 Transilvane
2667 1033 2737 1095 B.
2757 1033 3002 1097 Micha-

629 1138 738 1202 elis
771 1136 1182 1220 significamus
1226 1139 1522 1203 universis
1569 1146 1837 1205 tenorem
1873 1143 2235 1224 presentium
2290 1141 2679 1225 inspecturis,
2732 1141 2900 1224 quod
2942 1141 2997 1202 in

625 1252 823 1310 nostra
855 1247 1156 1331 presentia
1205 1247 1545 1312 constitutis
1590 1249 1733 1335 Apa
1776 1250 1996 1312 comite
2028 1270 2100 1312 ex
2134 1269 2244 1313 una
2278 1255 2471 1333 parte,
2522 1270 2594 1313 ex
2626 1249 2825 1314 altera
2861 1271 2992 1314 vero

629 1358 882 1421 Marcus
942 1354 1099 1421 filius
1130 1355 1332 1427 Belus,
1376 1377 1483 1440 pro
1519 1378 1611 1428 se,
1669 1363 1729 1421 et
1777 1379 1886 1442 pro
1923 1357 2155 1422 duobus
2199 1359 2482 1423 fratribus
2539 1360 2667 1422 suis
2714 1359 2995 1426 uterinis·

629 1465 940 1529 ruminatis
997 1464 1311 1536 Abraham,
1369 1472 1430 1529 et
1471 1467 1715 1540 Paulus,
1789 1467 1945 1530 idem
2002 1467 2241 1531 Marcus
2304 1469 2616 1551 proposuit
2669 1467 3001 1530 asserendo

629 1593 824 1637 euram
857 1573 1049 1646 nohis,
1083 1573 1238 1659 quod
1289 1573 1482 1638 eidem
1538 1575 1663 1658 Apa
1708 1575 1932 1647 comiti,
1979 1595 2049 1639 ae
2096 1574 2421 1640 heredibus
2455 1576 2579 1639 suis
2613 1574 2997 1639 medietatem

625 1690 788 1747 terre
828 1703 939 1747 sue
968 1682 1194 1767 Dycha
1214 1682 1266 1768 ¹)
1301 1690 1530 1756 vocate,
1564 1685 1725 1748 sieut
1755 1684 1889 1768 ipse
1923 1690 1985 1747 et
2016 1684 2162 1748 dieti
2194 1684 2288 1746 sui
2320 1683 2537 1746 fratres
2568 1683 2992 1767 possederunt,

625 1812 732 1874 pro
766 1791 1104 1876 quindecim
1153 1793 1368 1855 mareis
1400 1794 1637 1874 argenti
1670 1793 1881 1856 solutis
1914 1793 2185 1876 plenarie
2212 1792 2336 1874 jam
2379 1792 2574 1877 dietus
2620 1792 2894 1872 MareuS,
2940 1798 2998 1856 et

621 1901 1010 1982 prenominati
1040 1900 1260 1963 fratres
1292 1900 1383 1963 sui
1429 1901 1843 1965 vendidissent
1882 1907 2174 1985 perpetuo
2218 1899 2661 1984 possidendam.
2712 1901 2871 1964 Item
2926 1921 2991 1964 ex

625 2010 807 2073 altera
840 2015 1012 2093 parte
1043 2014 1211 2073 stans
1262 2010 1439 2073 etiam
1475 2009 1787 2093 Philippus
1820 2009 1977 2073 filius
2020 2009 2264 2081 Jacobi‚
2323 2010 2383 2073 in
2442 2009 2631 2072 nostri
2683 2010 2995 2092 presentia

621 2119 877 2182 asseruit
909 2139 1108 2183 eoram
1141 2119 1334 2190 nobis,
1367 2118 1524 2204 quod
1557 2117 1730 2180 aliam
1767 2117 2147 2182 medietatem
2193 2118 2353 2183 dicte
2399 2123 2560 2182 terre
2602 2117 2805 2201 ipsum
2851 2138 2993 2182 eon-

621 2230 967 2309 tingentem,
1002 2229 1158 2292 sieut
1200 2228 1333 2310 ipse
1366 2227 1657 2311 possedit,
1706 2227 1883 2289 etiam
1932 2226 2127 2290 eidem
2158 2229 2286 2311 Apa
2318 2227 2544 2299 comiti,
2593 2232 2656 2289 et
2686 2228 2815 2290 suis
2852 2247 2990 2291 suc-

617 2336 961 2400 eessoribus
992 2358 1102 2421 pro
1133 2335 1471 2421 quindecim
1503 2335 1722 2398 mareis
1752 2335 1871 2399 sihi
1893 2335 2105 2398 solutis
2130 2334 2401 2419 plenarie
2433 2334 2810 2399 vendidisset
2846 2355 2986 2419 per·
3109 2318 3110 2326 ἵ

617 2445 932 2530 petualiter
992 2444 1432 2529 possidendam.
1507 2444 1635 2508 Hec
1698 2449 1898 2507 autem
1960 2444 2233 2526 predicta
2277 2448 2441 2509 terra
2502 2445 2629 2506 suis
2672 2446 2853 2508 metis
2899 2447 2992 2506 est
3107 2514 3110 2522 Δ

617 2559 854 2630 metata,
883 2554 1116 2619 scilieet
1135 2553 1477 2637 incipiendo
1510 2573 1543 2616 a
1577 2553 1732 2625 loco,
1763 2553 1865 2616 ubi
1898 2572 2048 2638 aqua
2082 2551 2368 2636 paludosa
2403 2548 2986 2636 eadit80mysium2)
3106 2539 3108 2557 *

617 2673 677 2726 et
709 2683 886 2746 super
919 2663 1169 2727 eundem
1204 2663 1442 2726 fluvium
1471 2662 1709 2726 modice
1740 2662 2013 2725 aseendit
2044 2683 2155 2746 per
2184 2659 2651 2726 transversalem
2684 2661 2982 2728 semitam,
3107 2686 3108 2690 ¹

613 2793 722 2854 per
756 2771 975 2835 dietam
1004 2773 1297 2841 semitam,
1317 2771 1418 2835 uhi
1447 2772 1683 2835 venitur
1714 2771 1789 2834 ad
1820 2790 2093 2853 magnam
2113 2773 2287 2845 viam,
2323 2777 2383 2835 et
2411 2770 2497 2834 ibi
2525 2789 2799 2852 magnam
2833 2769 2983 2830 viam
3103 2695 3108 2836 l

613 2879 1000 2953 transeundo,
1048 2879 1322 2945 aseendit
1366 2881 1426 2943 in
1472 2899 1650 2943 unum
1680 2879 1899 2952 Bereh‚
1945 2885 2009 2944 et
2039 2901 2149 2964 per
2180 2880 2435 2944 eundem
2468 2878 2666 2942 Berch
2696 2877 2981 2941 continue

613 2988 990 3053 ascendendo
1045 2989 1210 3053 venit
1258 2990 1317 3052 in
1351 2987 1572 3070 Byroh‚
1630 2988 1730 3052 uhi
1764 2992 1859 3053 est
1889 2993 2080 3062 meta;
2136 2993 2198 3052 et
2247 3009 2432 3072 super
2477 2987 2729 3050 eandem
2783 2984 2978 3070 Byrch

613 3098 774 3162 radit
805 3118 915 3181 per
947 3097 1214 3180 singulas
1247 3100 1437 3160 metas
1470 3115 1662 3179 usque
1694 3096 2002 3160 Chakadat
2022 3095 2103 3183 ⁸),
2138 3096 2357 3160 deinde
2390 3096 2578 3160 tendit
2609 3097 2686 3159 ad
2708 3094 2976 3158 dextram

613 3210 858 3290 partem,
899 3210 958 3270 et
1017 3227 1128 3290 per
1182 3205 1485 3289 planitiem
1545 3206 1708 3270 venit
1760 3205 2107 3278 Soborsum,
2156 3203 2258 3267 ubi
2300 3212 2440 3269 sunt
2472 3209 2652 3276 mete,
2699 3223 2774 3267 ae
2809 3203 2970 3285 juxta

613 3315 852 3378 easdem
906 3321 1090 3379 metas
1144 3335 1252 3398 per
1284 3313 1537 3378 eundem
1571 3313 1768 3378 Bereh
1814 3312 2133 3377 deseendit
2165 3313 2237 3378 ad
2273 3314 2510 3378 fluvium
2541 3312 2773 3398 Dyoha,
2808 3318 2972 3376 tran-

613 3422 1076 3508 seendendoque
1122 3423 1377 3487 eundem
1422 3423 1683 3495 fluvium,
1730 3421 2004 3486 aseendit
2034 3442 2148 3505 per
2189 3425 2527 3505 oppositum
2560 3420 2737 3492 Orth,
2771 3427 2835 3484 et
2866 3437 2971 3502 per

613 3531 861 3594 eundem
896 3531 1044 3594 Orth
1079 3532 1349 3597 aseendit
1380 3533 1442 3594 in
1474 3531 1692 3616 Byroh,
1737 3537 1798 3594 et
1827 3530 1992 3595 vadit
2014 3550 2125 3615 per
2158 3532 2410 3595 eundem
2437 3530 2666 3614 Byroh,
2708 3530 2873 3594 venit
2901 3526 2967 3589 ad

609 3638 822 3711 lunum,
869 3641 971 3723 qui
1019 3642 1198 3723 vulgo
1234 3640 1565 3724 appellatur
1597 3640 1837 3721 Fertyz,
1884 3645 1945 3703 et
1989 3640 2075 3703 ibi
2112 3645 2208 3703 est
2239 3645 2418 3703 meta.
2467 3638 2703 3703 Deinde
2735 3653 2965 3720 semper

609 3745 802 3810 eundo
851 3749 909 3811 in
953 3748 1149 3832 Byreh
1184 3750 1348 3815 venit
1377 3750 1452 3813 ad
1485 3768 1779 3831 eampum,
1811 3748 1914 3812 ubi
1946 3748 2194 3820 dumuS‚
2244 3751 2345 3833 qui
2388 3748 2721 3831 vulgariter
2765 3743 2965 3831 appel-

609 3854 761 3918 latur
793 3855 1043 3941 Rekety,
1078 3862 1140 3920 et
1169 3857 1252 3920 ibi
1285 3862 1378 3921 est
1408 3860 1609 3920 terrea
1642 3862 1819 3927 meta,
1853 3862 1914 3919 et
1946 3856 2021 3920 de
2069 3857 2280 3920 eadem
2313 3856 2543 3941 Rekety
2573 3876 2688 3940 per
2734 3856 2960 3918 fluvium

605 3962 896 4029 medicum
961 3965 1233 4030 aseendit
1274 3966 1347 4029 ad
1403 3970 1585 4048 eaput
1627 3964 1864 4039 Nadus,
1900 3973 1962 4029 et
2005 3971 2171 4030 tenet
2216 3970 2432 4029 metam
2479 3987 2613 4031 eum
2658 3961 2852 4040 Bana,
2906 3965 2961 4024 et

605 4070 832 4135 *Innnne
887 4073 1006 4137 filio
1062 4072 1397 4146 Sereehen‚
1453 4073 1555 4136 ubi
1616 4078 1979 4139 concurrunt
2028 4081 2183 4138 mete
2227 4095 2360 4138 eum
2399 4075 2581 4147 Bana,
2617 4079 2681 4137 et
2713 4072 2958 4152 disting-

605 4180 795 4243 νῇηᾶο
849 4202 882 4244 a
928 4180 1045 4245 tine
1099 4186 1276 4252 mete,
1326 4181 1427 4246 uhi
1458 4186 1615 4245 meta
1647 4181 1861 4246 transit
1894 4183 2149 4247 eundem
2182 4183 2420 4248 fluvium
2454 4184 2529 4248 ad
2564 4184 2874 4253 orientem,
2904 4182 2958 4241 et

673 4386 713 4442 ²¹]
748 4387 910 4432 Deese.
946 4389 1066 4433 Dort'
1083 4389 1142 4433 im
1165 4388 1552 4435 innerszolnoker
1574 4390 1738 4435 Comit.
1775 4392 1985 4436 wallaeh.
2021 4392 2205 4449 Gyicsa.

669 4466 717 4522 Ξ]
752 4469 985 4514 Samosoh.

669 4542 717 4602 Β]
750 4548 798 4592 ln
831 4549 913 4594 der
947 4549 1073 4594 Nfihs
1105 4549 1188 4593 des
1222 4550 1387 4594 Dorfes
1418 4550 1653 4607 Aroknlyn
1684 4551 1743 4595 im
1777 4551 2164 4600 innerszolnoker
2195 4554 2361 4601 comit.
