3150 5092
622 587 773 659 cxxxii.

468 739 548 802 1282,
568 741 612 794 10.
631 741 784 794 December.
805 739 900 793 Gran.

172 849 334 912 Universis
351 855 510 931 presentes
527 851 643 913 litteras
660 849 855 934 inspecturis.
875 846 1073 911 bodomarius
1087 847 1281 909 miseratione

75 956 182 1018 diuina
203 956 455 1039 archiepiscopus
468 957 688 1040 Strigoniensis
706 955 904 1038 eiusdemque
915 953 974 1018 loci
987 975 1088 1018 comes
1104 957 1279 1036 perpetuus.

76 1061 220 1124 Salutem
240 1063 271 1126 in
293 1063 439 1144 largitore
456 1064 571 1126 salutis.
596 1063 642 1127 Ad
663 1063 871 1128 uniuersitatis
894 1069 997 1127 vestre
1018 1062 1158 1125 noticiam
1174 1065 1282 1122 tenore

73 1172 276 1252 presencium
299 1170 434 1234 volumus
462 1173 632 1254 pervenire.
659 1170 744 1251 Quod
768 1171 896 1234 dilectus
919 1171 949 1231 iu
967 1169 1085 1232 domino
1102 1169 1180 1232 filius
1197 1168 1277 1251 liep-

74 1278 189 1340 ualdus
218 1279 365 1361 plebanus
394 1279 432 1342 de
455 1279 730 1350 Stolcboobercbt,
756 1279 890 1342 decanus
915 1278 1072 1360 prouincie
1095 1275 1277 1340 Zibiniensis

75 1388 205 1450 nomine
221 1407 276 1450 suo
294 1392 325 1450 et
341 1389 408 1450 vice
426 1389 554 1450 omnium
572 1388 770 1469 plebanorum
786 1388 832 1450 sui
850 1385 1014 1449 decanatus
1033 1385 1069 1447 ad
1086 1383 1279 1468 presenciam

77 1501 220 1558 nostram
243 1495 408 1568 accedeus,
440 1495 590 1577 originale
614 1494 841 1577 privilegiorum
870 1492 981 1556 domini
1004 1493 1150 1574 Philippi,
1180 1491 1280 1554 archi·

76 1601 223 1685 episcopi
239 1602 472 1685 predecessoris
489 1602 585 1666 nostri
602 1601 703 1666 felicis
725 1600 946 1664 recordationis
964 1599 1020 1663 sub
1038 1598 1138 1680 sigilio
1155 1598 1282 1680 religio-

11 1749 12 1754 κ
78 1730 186 1772 sorum
213 1711 346 1773 virorum
373 1710 476 1773 fratris
504 1711 604 1783 Petri,
632 1709 738 1791 ricarij
756 1709 862 1772 domus
887 1707 1109 1790 predicatorum
1129 1710 1163 1768 et
1183 1706 1283 1769 tocius

80 1823 254 1881 conuentus
271 1817 436 1880 eorundem
453 1818 492 1881 de
509 1817 647 1902 Zybinio,
664 1817 752 1881 nobis
770 1815 905 1879 exhibuit
920 1835 987 1878 enm
1003 1814 1151 1878 instancia
1168 1813 1282 1896 suppli-

80 1923 196 2000 cando,
222 1930 254 1988 nt
272 1924 443 2008 predictum
464 1926 620 2007 orginale,
649 1925 820 1988 coniectum
838 1943 931 2006 super
947 1922 1123 2006 quibusdam
1140 1920 1284 1994 articulis,

78 2030 234 2115 predictis
252 2030 367 2095 decano
390 2037 421 2095 et
444 2030 581 2116 plebanis
598 2030 635 2094 ab
652 2031 759 2094 eodem
783 2028 933 2114 Phylippo
957 2028 1190 2111 archiepiscopo
1213 2045 1283 2089 con-

81 2138 186 2201 cessis
204 2138 242 2201 de
258 2140 360 2220 gracia
377 2140 504 2221 speciali
521 2140 715 2221 dignaremur
739 2143 843 2202 nostro
866 2137 1027 2220 priuilegio
1051 2136 1155 2199 tacere
1172 2132 1283 2197 contir-

80 2248 172 2310 mari.
198 2245 260 2308 Nos
277 2247 370 2327 igitur
386 2249 569 2330 peticionem
587 2248 683 2331 ipsius
696 2246 802 2310 decani
820 2244 1050 2309 considerantes
1069 2262 1127 2306 non
1150 2263 1166 2305 a
1183 2241 1283 2304 racio-

82 2354 134 2416 uis
159 2353 281 2416 tramite
304 2353 498 2424 discordare,
524 2354 578 2417 sed
603 2371 766 2433 congruam
793 2359 824 2414 et
845 2371 1008 2415 consonam
1030 2350 1156 2435 equitati
1180 2351 1284 2430 pater·

82 2460 197 2524 naliter
220 2461 392 2524 admisimus
421 2482 488 2525 cum
516 2462 642 2532 effectu,
671 2467 794 2523 tenores
820 2459 1026 2540 predictorum
1053 2456 1282 2540 priuilegiorum

81 2568 281 2652 presentibus
305 2568 415 2632 litteris
439 2570 533 2632 inseri
561 2569 717 2632 iacientes.
751 2567 883 2648 Quorum
910 2565 1032 2649 quidem
1053 2564 1282 2648 priuilegiorum

82 2676 257 2740 huiusmodi
281 2681 351 2740 sunt
367 2681 500 2740 tenores.
525 2676 689 2761 Phylippus
706 2676 905 2738 miseracione
923 2675 1022 2736 diuina
1041 2677 1147 2736 sancte
1165 2671 1283 2752 Strigo-

84 2785 203 2846 niensis
221 2783 357 2846 ecclesie
382 2784 633 2867 archiepiscopus
652 2783 719 2846 aule
735 2782 820 2863 regis
837 2779 1048 2844 cancellarius.
1074 2780 1185 2866 (Siehe
1209 2777 1281 2839 Urh.

85 2891 238 2975 LXXIX.)
271 2892 378 2954 Datum
400 2891 563 2973 Strigonii,
595 2913 671 2956 anno
696 2891 808 2955 domini
837 2889 883 2951 llo
910 2886 976 2950 00⁰
999 2887 1197 2969 sexagesimo.
1220 2883 1281 2947 illi.

86 3000 225 3062 intrante
241 2999 319 3061 Maio
338 2999 388 3061 die
405 3005 498 3062 sexto.

68 3177 72 3182 ,
178 3105 242 3168 Nos
265 3110 365 3169 autem
381 3107 483 3188 sigillo
508 3113 540 3169 et
557 3106 664 3168 litteris
687 3105 890 3188 predictorum
907 3104 1031 3165 fratrum
1056 3100 1281 3184 predicatorum

85 3205 180 3297 super
196 3212 409 3276 ratihabitione
425 3215 688 3295 introscriptorum
702 3211 906 3295 predictorum
922 3209 1149 3291 priuilegiorum
1165 3209 1283 3289 plenam

86 3322 178 3385 iidem
196 3341 251 3384 scu
269 3320 459 3383 credenciam
481 3318 659 3382 adhibentes
683 3324 805 3382 tenores
828 3317 991 3381 eorundem
1010 3315 1235 3398 privilegiorum
1252 3315 1282 3377 in

86 3429 240 3512 publicam
263 3428 386 3490 formam
408 3429 600 3512 presencium
623 3429 788 3491 litterarum
811 3426 851 3488 de
872 3423 967 3488 uerbo
985 3424 1020 3486 ad
1039 3422 1165 3484 uerbum
1182 3428 1282 3484 trans-

87 3535 163 3599 latas
180 3537 400 3599 auctorizamus
418 3541 448 3598 et
465 3535 673 3598 confirmamus
686 3540 717 3597 et
733 3535 886 3617 presentis
900 3532 1006 3612 scripti
1018 3529 1187 3613 patrocinio
1201 3548 1284 3590 eom-

86 3646 245 3707 munimus.
263 3643 295 3705 ln
312 3646 397 3705 cuius
413 3645 458 3706 rei
475 3643 647 3706 memoriam
659 3645 819 3726 presentes
836 3641 954 3703 litteras
971 3638 1177 3700 concessimus
1191 3635 1283 3718 sigilli

88 3755 183 3814 nostri
201 3751 363 3812 munimine
376 3749 541 3814 roboratas.
555 3749 663 3811 Datum
675 3746 821 3828 Strigonii
835 3766 911 3809 anno
926 3745 1037 3808 domini
1050 3741 1284 3805 M⁰CC⁰LXXX⁰

87 3858 235 3930 seeundo,
254 3860 357 3941 quinto
374 3857 423 3920 die
440 3858 537 3920 sancti
553 3856 671 3920 Nicolai
687 3854 885 3918 confessoris.

604 4074 768 4145 CXXXlll.

647 4229 725 4283 rusa,

178 4358 242 4422 Nos
274 4357 416 4422 Nicolaus
443 4357 655 4440 vieeuaywoda
679 4353 914 4418 Transsiluanus
940 4349 1144 4432 significamus
1174 4348 1282 4431 quibus

88 4467 212 4551 expedit
227 4466 389 4537 uniuersis,
405 4465 595 4550 presencium
612 4484 668 4547 per
682 4471 830 4533 tenorem,
846 4460 927 4546 quod
943 4479 1011 4524 cum
1026 4459 1106 4521 inter
1122 4457 1283 4540 capitulum

117 4576 213 4620 Fontes.
231 4572 300 4617 nutu.
317 4573 344 4618 ll.
362 4572 403 4616 Bu.
420 4573 469 4616 XV.
1047 4562 1064 4616 9
