3150 5092
302 335 352 406 58

298 507 496 574 detrimentis.
519 509 619 592 Quare
635 514 713 576 idem
731 516 875 595 magister
890 520 922 580 et
937 516 1048 577 fratres
1063 515 1245 596 suppliciter
1261 515 1441 594 flagitarunt,
1457 518 1490 576 ut

298 639 365 682 cum
382 637 434 682 rex
449 618 594 682 seductus
610 621 860 702 suggestionibus
874 624 1070 707 malignorum
1086 623 1280 689 inexorabilis
1293 623 1441 698 videatur,
1448 623 1489 685 nii

297 725 376 790 aliud
405 745 594 799 asseverans,
624 730 679 793 nisi
702 731 853 794 restitutio
875 732 972 814 ipsius
989 751 1044 815 pro
1059 751 1108 807 eo,
1131 730 1210 815 quod
1226 751 1335 813 magna
1351 736 1409 802 est,
1425 731 1489 792 sais

298 835 365 900 liliis
382 841 413 900 et
428 835 587 901 baronibus
615 837 801 922 displiceret,
826 841 996 904 faceremus
1019 838 1078 902 sibi
1100 839 1245 903 iustitiam
1267 836 1413 900 exbiberi.
1443 836 1489 899 Ne

296 943 389 1027 igitur
405 944 560 1008 videamur
576 945 697 1010 deleme
713 947 826 1010 homini
854 954 958 1010 contm
988 947 1094 1018 Deum,
1122 948 1171 1008 cui
1193 952 1241 1008 est
1261 951 1366 1008 contra
1384 965 1488 1007 omnes

295 1051 431 1114 homines
448 1051 656 1124 deferendum,
673 1053 852 1118 fraternitati
868 1060 982 1126 vestre,
1008 1054 1046 1118 de
1068 1073 1193 1136 quorum
1216 1053 1488 1135 circumspectione

297 1160 413 1242 plenam
434 1161 463 1222 in
482 1159 607 1222 Domino
633 1159 770 1224 fiduciam
793 1161 971 1235 obtinemus,
997 1181 1052 1246 per
1068 1162 1232 1244 apostolica
1249 1161 1362 1243 scripta
1379 1161 1410 1222 in
1425 1162 1487 1222 vir-

293 1273 357 1330 tute
371 1267 542 1331 obedientie
559 1268 758 1352 precipiendo
780 1271 971 1342 mandamus,
997 1275 1145 1355 quatenus
1169 1270 1304 1331 eumdem
1328 1287 1434 1348 regem
1457 1274 1488 1330 et

296 1375 414 1447 Belem,
444 1373 536 1439 lilium
558 1377 640 1447 eius,
669 1383 700 1440 ut
722 1378 977 1461 conquerentibus
1005 1379 1166 1442 restituant
1188 1382 1300 1440 terram
1323 1377 1431 1459 ipsam,
1447 1375 1485 1438 de

292 1483 407 1548 damnis
429 1484 519 1548 illatis
552 1493 583 1548 et
605 1488 747 1568 irrogatis
776 1489 894 1551 iniuriis
918 1487 1155 1551 satisfactionem
1180 1503 1343 1567 congruam
1368 1487 1486 1577 impen-

292 1591 403 1664 dendo,
421 1592 537 1658 subiato
554 1592 706 1658 dilationis
723 1594 890 1667 obstaculo,
906 1596 1052 1660 moneatis
1075 1596 1241 1678 prudenter
1265 1597 1296 1657 et
1317 1593 1486 1657 efficaciter

289 1699 450 1764 inducatis.
476 1700 561 1783 Quod
579 1704 604 1765 si
621 1704 739 1766 monitis
757 1723 815 1768 nou
833 1705 1029 1788 acquieverit,
1041 1704 1177 1788 partibus
1194 1703 1369 1766 convocatis
1398 1703 1482 1765 audi-

290 1809 347 1870 atis
363 1828 493 1880 causam,
506 1815 537 1872 et
553 1812 631 1873 side
646 1812 779 1894 ipsorum
797 1812 949 1877 voluntate
964 1814 1162 1896 processerit,
1180 1812 1239 1874 fine
1259 1811 1362 1874 debito
1379 1813 1484 1873 termi-

290 1919 379 1984 netis.
396 1917 641 2003 faciontes,quod
654 1921 862 1990 decreveritis,
876 1942 932 2005 per
948 1939 1094 1984 censuras
1110 1917 1339 1982 ecclesiasticas
1357 1917 1484 1980 tirmiter

291 2023 457 2098 observari,
480 2029 612 2108 proviso,
638 2047 676 2092 ne
698 2030 726 2092 in
750 2036 862 2094 terram
889 2031 985 2113 ipsius
1000 2028 1086 2109 regis
1102 2026 1419 2090 excommunicationis
1436 2025 1483 2089 vel

290 2133 443 2196 interdicti
461 2138 639 2200 seutentiam
657 2139 830 2220 proferatis,
847 2139 905 2201 nisi
919 2137 1089 2202 mandatum
1109 2155 1203 2219 super
1227 2134 1285 2198 boc
1300 2137 1484 2217 receperitis

290 2241 410 2306 anobis
438 2244 581 2328 speciale.
610 2245 748 2329 Alioquin
779 2249 856 2310 infra
879 2267 986 2310 novem
1017 2265 1137 2308 menses
1159 2247 1230 2327 post
1255 2245 1484 2325 susceptionem

290 2351 476 2431 presentium
503 2371 568 2415 eam
596 2354 755 2418 remittatis
783 2354 820 2417 ad
844 2375 900 2418 nos
925 2354 1112 2418 sufficienter
1137 2354 1314 2415 instructam
1336 2355 1370 2414 et
1390 2348 1484 2412 nibil-

288 2457 416 2526 ominus,
433 2457 509 2542 quod
529 2480 582 2524 vos
599 2460 638 2525 de
655 2462 825 2526 huiusmodi
841 2499 885 2511 -
902 2468 1008 2526 natura
1024 2462 1140 2543 negotii
1156 2461 1261 2529 nostis,
1278 2459 1369 2541 plene
1393 2457 1482 2521 uobis

289 2569 320 2626 et
342 2563 474 2629 fideliter
496 2571 664 2652 exponatis.
695 2569 884 2653 Preligeutes
906 2569 1040 2654 partibus
1064 2570 1224 2633 terminum
1247 2569 1483 2648 competentem,

289 2691 347 2754 quo
364 2693 420 2756 per
436 2683 650 2756 procuratores
667 2678 793 2742 idoneos
809 2685 841 2741 et
856 2680 1044 2744 sufficienter
1055 2679 1220 2740 instructos
1236 2678 1340 2737 nostro
1356 2693 1391 2736 se
1407 2692 1483 2735 cun·

289 2783 409 2862 spectui
431 2791 654 2866 representeut,
676 2788 794 2859 iustam,
819 2793 943 2850 auctore
959 2787 1096 2854 Domino,
1113 2783 1294 2848 sententiam
1309 2785 1482 2863 receptore.

288 2889 397 2953 Testes
414 2898 594 2964 autemnon
612 2894 800 2958 obstantibus
817 2895 938 2966 litteris,
962 2913 1054 2977 super
1075 2891 1122 2954 bis
1144 2891 1181 2954 ad
1203 2888 1396 2953 venerabiles
1421 2889 1485 2950 fra-

287 3001 351 3059 tres
368 3003 489 3061 nostros
508 3035 548 3048 -
567 3000 800 3065 Cracoviensem
816 3039 858 3050 -
876 3001 1086 3066 Guiaviensem
1108 2999 1288 3084 episcopos,
1310 3017 1366 3059 seu
1382 2996 1483 3061 dilec-

286 3110 348 3168 tum
371 3105 462 3169 tilium
487 3113 619 3171 nostrum
648 3144 692 3157 --
717 3111 926 3174 Prenestiuum
950 3109 1091 3180 electum,
1119 3114 1190 3171 tunc
1211 3108 1241 3171 in
1264 3104 1399 3188 partibus
1422 3106 1483 3168 illis

287 3214 463 3296 fungentem
486 3213 646 3295 legationis
672 3218 783 3291 cilicio,
806 3240 823 3282 a
844 3219 919 3282 sede
934 3216 1101 3300 apostolica
1116 3216 1294 3299 impetratis,
1311 3215 1351 3277 de
1366 3215 1484 3277 consti-

286 3321 401 3383 tutione
417 3323 456 3384 de
472 3323 586 3387 duabus
610 3326 699 3389 dictis
716 3327 798 3390 edita
814 3327 845 3389 in
861 3325 992 3390 concilio
1014 3325 1161 3405 generali.
1185 3323 1294 3388 Datum
1310 3322 1428 3385 Perusii
1447 3322 1481 3386 V.

287 3428 354 3490 idus
371 3428 524 3503 Octobris,
542 3431 733 3515 pontificatus
751 3435 848 3496 nostri
864 3453 941 3497 anno
957 3440 1073 3499 octavo.

840 3620 920 3691 LVI.

838 3755 918 3809 raas.

376 3860 511 3924 Andreas
524 3862 580 3926 Dei
597 3865 693 3944 gratia
710 3885 763 3929 rex
781 3864 943 3945 Hungarie.
961 3864 1106 3927 Omnibus
1123 3861 1235 3925 Christi
1253 3859 1396 3924 fidelibus
1412 3881 1480 3943 pre·

285 3977 401 4031 sentem
430 3972 568 4051 paginam
595 3973 779 4054 inspecturis
810 3974 935 4036 salutem
963 3975 993 4034 iu
1020 3973 1146 4035 Domino
1173 3971 1248 4034 lesu
1276 3968 1409 4031 Christo.
1435 3968 1479 4030 lld

285 4079 491 4140 universorum
520 4083 579 4141 tam
603 4080 806 4161 presentium,
833 4101 921 4164 quam
943 4082 1110 4144 futurorum
1132 4079 1265 4141 notitiam
1281 4085 1391 4141 tenore
1406 4097 1481 4159 pre·

285 4186 413 4248 sentium
427 4185 561 4249 volumus
572 4190 744 4269 pervenire,
757 4189 837 4272 quod
850 4209 904 4252 nos
915 4195 1027 4252 terram
1041 4187 1196 4271 quamdam
1215 4186 1333 4249 nomine
1343 4186 1480 4271 Goploa,

285 4292 341 4378 (al.
359 4291 481 4378 Salian)
509 4296 538 4356 in
568 4295 707 4358 comitatu
732 4295 771 4358 de
799 4297 1043 4369 Zotmarsitam,
1072 4315 1232 4381 quamnos
1260 4291 1330 4355 olim
1360 4316 1376 4354 a
1402 4292 1480 4355 boue

283 4403 429 4466 memorie
441 4409 473 4466 et
484 4423 538 4466 ore
550 4437 594 4450 -
608 4441 652 4450 —
666 4439 706 4450 -
720 4405 869 4487 qnondam
888 4407 998 4476 comiti,
1016 4408 1144 4486 emptam
1157 4401 1196 4464 de
1214 4401 1323 4463 comite
1342 4399 1479 4485 Ypoebc,

284 4529 339 4599 pro
363 4510 579 4598 multiplicibus
610 4511 745 4576 servitiis
768 4512 830 4576 suis
853 4515 920 4576 iure
947 4516 1096 4596 perpetuo
1126 4509 1363 4580 contuleramus,
1390 4527 1481 4592 quam
