3150 5092
1254 313 1305 384 79

107 480 212 546 dictos
240 482 419 548 udvarnicos
447 488 568 547 nostros
597 483 709 549 inillis
733 486 869 569 partibus
891 488 1078 570 pertinentes
1098 488 1306 571 prenominato

105 593 258 672 magistro
275 591 345 656 lule
360 592 600 656 irrevocabiliter
617 597 836 668 concessimus,
853 595 989 660 dedimus
1006 603 1039 659 et
1053 594 1227 659 donavimus
1245 600 1307 659 tam

104 698 182 771 sibi,
199 719 286 784 quam
309 700 373 763 suis
404 700 578 773 heredibus,
603 701 810 786 heredumque
826 702 1056 769 successoribus
1076 703 1144 767 iure
1159 708 1305 786 perpetuo

70 875 71 878 Ἴ
103 807 322 888 possidendas.
346 807 386 872 Ut
407 809 500 890 igitur
524 808 583 871 hee
606 809 726 876 anobis
742 810 802 894 ipsi
817 811 962 894 magistro
984 810 1054 876 lule
1076 811 1211 892 legitime
1226 813 1307 875 taeta

104 914 231 980 donatio
246 914 341 981 robur
355 920 503 1000 perpetue
519 915 666 982 firmitatis
683 917 828 992 obtineat,
844 939 903 982 nec
918 939 1046 1004 unquam
1061 937 1211 1002 processu
1226 925 1306 982 tem·

103 1042 214 1105 porum
229 1044 287 1107 per
310 1026 479 1109 quempiam
495 1024 595 1088 valeat
622 1026 651 1087 in
679 1026 795 1090 irritum
819 1027 970 1100 revocari,
986 1027 1142 1110 sepedicto
1159 1025 1304 1110 magistro

103 1131 188 1204 Jule,
205 1136 236 1196 et
251 1153 309 1216 per
325 1152 393 1196 eum
409 1133 471 1196 suis
487 1133 662 1206 heredibus,
679 1139 799 1198 nostras
814 1134 993 1199 tradidimus
1017 1135 1146 1206 litteras,
1174 1134 1304 1219 duplicis

103 1239 202 1321 sigilli
224 1241 322 1305 nostri
343 1241 505 1304 munimine
527 1240 697 1306 roboratas.
721 1243 827 1305 Datum
851 1261 908 1325 per
929 1262 1034 1307 manus
1055 1244 1192 1326 magistri
1207 1243 1305 1307 Beue-

104 1347 198 1420 dieti,
228 1351 379 1433 prepositi
406 1349 600 1420 Orodieusis,
631 1349 698 1413 aule
726 1354 830 1413 nostre
853 1351 1113 1424 vicecancellarii,
1147 1351 1248 1415 dilecti
1273 1358 1305 1416 et

103 1454 206 1520 tidelis
239 1458 348 1522 nostri.
381 1459 465 1522 Anno
499 1457 618 1521 Domini
650 1457 824 1531 millesimo,
853 1458 1075 1532 ducentesimo,
1113 1461 1303 1542 sexagesimo

104 1566 208 1630 tertio.

624 1733 793 1806 LXXVlll.

543 1869 871 1932 amummm

197 1997 359 2082 Philippus
375 1998 569 2062 miseratione
582 1997 681 2061 diuina
699 2003 803 2063 sancte
820 1997 1040 2082 strigoniensis
1055 1998 1190 2063 ecclesie
1205 1999 1306 2065 archi·

105 2108 270 2192 episeopus
293 2105 487 2192 eiusdemque
508 2106 569 2170 loci
590 2124 693 2170 comes
709 2109 886 2190 perpetuus,
903 2106 972 2170 aule
987 2106 1071 2191 regis
1095 2107 1304 2181 cancellarius,

104 2215 257 2280 vniuersis
264 2221 426 2297 presentes
437 2213 553 2276 litteras
561 2212 746 2296 inspecturis
756 2213 883 2278 salutem
889 2215 920 2277 in
927 2214 1055 2278 domino.
1069 2214 1176 2279 Vestra
1186 2216 1306 2280 nouerit

105 2322 289 2388 universitas
311 2320 390 2404 quod
414 2339 468 2383 uos
485 2319 525 2383 de
539 2322 636 2402 gratia
652 2321 789 2404 speciali,
807 2343 866 2407 qua
882 2322 1008 2387 dilectos
1024 2322 1112 2386 nobis
1133 2324 1161 2386 in
1181 2321 1303 2388 Christo

104 2430 182 2495 lilios
201 2430 351 2495 decanum
367 2431 399 2492 et
419 2427 564 2511 plebanos
580 2429 620 2492 de
636 2429 787 2503 Scibinio,
805 2429 843 2494 ad
867 2449 922 2494 uos
940 2434 971 2493 et
985 2427 1152 2495 ecclesiam
1170 2436 1303 2495 nostram

102 2539 277 2602 immediate
292 2535 490 2620 pertinentes,
513 2535 627 2609 fovere,
652 2536 784 2620 diligere
807 2542 839 2601 et
857 2537 1022 2602 defendere
1038 2542 1173 2601 tenemur
1190 2539 1303 2602 eisdem

102 2644 284 2711 indulsimus
301 2648 332 2709 vt
348 2643 446 2707 nullus
463 2642 651 2717 eitaciouem,
676 2646 724 2709 uel
743 2645 996 2730 appellaeionem‚
1014 2647 1052 2710 ad
1074 2665 1129 2710 nos
1152 2645 1248 2710 eciam
1267 2666 1304 2710 ex

102 2754 251 2838 legitimis
269 2752 369 2819 causis
385 2753 592 2835 interpositam
610 2759 713 2817 contra
730 2752 858 2838 aliquem
874 2752 924 2817 uel
943 2750 1058 2838 aliquos
1075 2773 1177 2818 eorum
1201 2753 1304 2818 lacere

102 2864 310 2947 presumpmat
330 2861 393 2926 nisi.
411 2862 500 2943 prius,
518 2860 632 2925 decano
654 2882 755 2926 eorum
773 2860 940 2924 secuudum
954 2860 1030 2924 iuris
1046 2860 1182 2924 ordinem
1199 2862 1302 2946 requi·

101 2972 179 3040 sito,
196 2975 228 3033 et
240 2968 266 3032 si
283 2968 362 3032 idem
380 2969 511 3033 deeauus
535 2969 565 3032 in
585 2967 753 3033 exhibenda
775 2968 889 3032 institia
910 2968 1099 3034 insufficiens
1116 2969 1299 3052 apparuerit,

102 3077 268 3161 negligens
285 3076 334 3141 uel
349 3077 506 3150 remissus,
529 3081 560 3140 vt
580 3084 652 3141 tunc
675 3077 792 3140 demum
807 3079 839 3140 in
858 3075 1029 3140 huiusmodi
1050 3077 1171 3141 casibus
1194 3078 1230 3141 ad
1247 3098 1302 3140 no·

102 3193 198 3250 stram
214 3187 398 3270 presentiam
416 3184 498 3250 licite
515 3185 625 3250 citetur
642 3190 673 3249 et
688 3184 776 3247 etiam
794 3185 975 3268 appelletur.
999 3184 1032 3246 ln
1049 3183 1134 3249 ouius
1151 3185 1196 3248 rei
1212 3185 1303 3248 testi·

101 3295 237 3360 monium
258 3297 417 3378 presentes
441 3293 558 3357 litteras
582 3292 786 3357 concessimus
805 3292 898 3374 sigilli
916 3293 1013 3356 nostri
1031 3292 1193 3357 munimine
1208 3292 1300 3356 robo-

97 3409 192 3467 ratas.
227 3402 336 3466 Datum
367 3401 532 3484 Strigonii,
565 3421 640 3466 anno
668 3399 780 3464 domini
811 3401 867 3464 nlo.
901 3398 975 3464 (30⁰.
1007 3400 1208 3482 sexagesimo.
1238 3401 1298 3464 llll.

98 3512 235 3574 intrante
250 3511 328 3574 hlaio
346 3509 397 3574 die
410 3513 505 3574 sexto.

630 3675 767 3748 LXXIX.

550 3812 630 3876 stou,
643 3813 669 3868 6.
684 3812 743 3866 hlai.
758 3813 853 3868 Gran.

192 3937 364 4022 Philippus,
404 3939 594 4004 miseratione
630 3939 728 4003 diviua
769 3943 875 4002 sancte
909 3938 1127 4020 strigoniensis
1164 3939 1297 4027 ecclesie

99 4049 351 4133 archiepiscopus
382 4045 451 4112 aule
478 4048 562 4127 regis
590 4047 787 4112 cancellarius
815 4048 964 4112 vniversis
992 4053 1152 4131 presentes
1181 4047 1296 4112 litteras

97 4156 286 4241 inspecturis
306 4155 432 4220 salutem
453 4155 484 4219 in
501 4155 630 4221 domino.
655 4157 700 4220 Ad
716 4157 924 4249 vniversorum
941 4155 1082 4220 noticiam
1100 4160 1207 4220 tenore
1222 4175 1295 4239 pre·

100 4265 233 4330 sentium
250 4265 386 4330 volumus
409 4265 581 4349 peruenire,
603 4264 680 4349 quod
699 4285 753 4329 nos
766 4262 935 4348 sumptibus
951 4267 983 4326 et
997 4261 1149 4326 laboribus
1166 4261 1296 4327 dilecto·

100 4392 168 4438 rum
181 4373 213 4436 in
229 4372 345 4440 christo
362 4373 492 4438 filiorum
508 4372 615 4438 decani
632 4376 663 4436 et
678 4372 876 4457 plebanorum
893 4371 931 4436 de
943 4370 1145 4456 Sopbiniensi
1160 4371 1300 4436 dioecesi

100 4481 305 4553 ultrasilvana,
326 4482 366 4550 ad
389 4501 444 4546 nos
470 4486 503 4545 et
525 4486 658 4546 sanctam
680 4479 841 4546 ecclesiam
862 4479 1104 4561 Strigouiensem
1123 4478 1296 4543 immediate
