3150 5092
1193 357 1268 428 109

64 532 221 604 volentes,
238 537 270 596 vt
282 533 310 595 si
326 533 424 615 aliquo
440 551 512 594 casu
528 530 687 614 priuilegia
703 530 856 613 predicta,
874 531 954 614 quod
971 530 1062 603 absit,
1079 533 1187 596 amissa
1204 533 1271 595 lue·

62 641 143 712 rint,
166 640 218 705 rel
235 638 335 723 aliqua
351 640 552 704 variabilitate
579 639 724 723 temporis
749 640 935 720 intercepta,
960 644 1119 722 presentes
1142 639 1269 703 eundem

62 749 208 830 rigorem
225 748 366 820 habeant,
383 767 440 810 neo
457 747 495 810 de
511 748 644 830 ipsorum
661 754 768 810 tenore
785 746 916 810 dubitari
932 748 1040 830 possit,
1060 768 1119 831 que
1136 747 1271 812 solennis

62 855 252 938 approbatio
276 854 438 919 roborauit.
467 855 578 918 Verum
607 854 675 937 quia
705 874 760 937 per
788 853 931 916 malitiam
959 855 1106 938 temporis
1130 855 1270 937 impacati

62 965 284 1047 importunitas
302 963 466 1028 incolarum
484 984 542 1027 non
555 963 686 1047 petenda
703 963 821 1046 petiuit,
828 963 974 1035 volumus,
986 972 1017 1027 vt
1028 965 1056 1028 si
1072 965 1162 1049 aliqui
1174 966 1270 1048 ipsam

64 1073 303 1154 possessionem
334 1070 430 1135 Vinch
468 1091 525 1154 per
562 1070 788 1153 subreptionem
824 1071 1020 1153 petivissent,
1058 1072 1202 1156 quidquid
1235 1092 1271 1134 ex

62 1180 241 1262 hujusmodi
257 1180 404 1263 petitione
427 1179 607 1264 subreptitia
631 1180 777 1255 obtinuit,
809 1180 929 1244 irritum
953 1181 1011 1252 sit,
1039 1181 1129 1243 immo
1151 1180 1270 1244 irritum

62 1289 262 1354 decernimus
290 1294 321 1351 et
344 1289 442 1352 inane.
467 1289 574 1354 Datum
605 1308 661 1371 per
688 1308 795 1352 manus
821 1287 1003 1352 venerahilis
1029 1289 1103 1360 riri,
1127 1288 1267 1371 magistri

63 1397 239 1470 Benedicti,
257 1401 363 1460 sancte
379 1396 599 1478 Strigoniensis
612 1397 746 1462 ecclesie
762 1396 864 1466 electi,
886 1397 1035 1480 prepositi
1051 1396 1215 1467 Budensis,
1239 1403 1272 1460 et

64 1506 137 1569 aule
165 1511 273 1568 nostre
297 1503 569 1576 vice-cancellarii,
598 1504 705 1568 dilecti
733 1509 764 1568 et
792 1501 892 1566 tidelis
913 1503 1018 1566 nostri.
1044 1504 1128 1567 duno
1155 1503 1270 1566 domini

65 1611 285 1676 uccnxxvl.
309 1612 414 1696 quinto
436 1613 504 1676 idus
520 1612 648 1692 Augusti
680 1612 766 1694 regni
798 1615 897 1674 autem
925 1612 1019 1675 nostri
1051 1631 1128 1674 anno
1153 1618 1270 1695 quarto.

66 1718 306 1784 venerabilibus
338 1717 475 1800 patribus
504 1718 659 1802 Stephano
687 1718 863 1789 Colocensi,
894 1724 926 1780 et
951 1718 1069 1782 ,loanne
1092 1718 1266 1801 Spalatensi

63 1826 323 1910 archiepiscopis.
339 1827 397 1891 Job
416 1827 744 1910 Quinqueeoclesiensi,
763 1826 902 1910 Philippo
924 1826 1077 1901 vaciensi,
1096 1826 1265 1910 Tymotheo

65 1934 281 2016 Zagrabiensi,
294 1933 475 1998 bodomario
491 1935 680 2008 Varadiensi,
693 1935 837 2018 Dionysio
853 1933 1115 2006 lauriensiPetro
1128 1933 1267 1995 Transit·

65 2043 219 2113 uaniensi,
238 2041 386 2123 Gregorio
404 2041 617 2116 Chanadiensi,
634 2044 754 2106 Andrea
767 2043 921 2124 Agrieosi,
938 2048 968 2105 et
982 2042 1072 2106 Petro
1087 2041 1270 2124 Wcsprimi-

66 2152 138 2213 ensi
155 2149 323 2234 episcopis,
341 2151 490 2216 ecclesias
501 2151 558 2215 Dei
571 2150 702 2214 feliciter
718 2150 969 2230 gubernantibus.
987 2149 1113 2212 Nicolao
1130 2149 1272 2231 palatino,

68 2264 101 2320 et
117 2257 232 2322 comite
249 2257 459 2342 Suprunicnsi,
474 2258 613 2322 ltlauritio
627 2257 732 2340 jndice
747 2259 833 2322 curie
848 2263 963 2329 nostre,
979 2263 1012 2321 et
1026 2259 1138 2320 comite
1152 2257 1270 2320 Castri-

68 2367 184 2438 ferrei‚
202 2366 319 2430 loanne
336 2367 480 2448 magistro
507 2367 730 2430 tanarnicornm
756 2372 787 2428 et
809 2367 919 2428 comite
944 2366 982 2427 de
1001 2366 1118 2436 bacha,
1135 2362 1271 2429 lienoldo

67 2475 218 2555 magistro
253 2474 456 2556 dapiferornnr
491 2478 676 2547 nostrorum,
711 2455 837 2536 Nicolao
871 2473 1015 2555 magistro
1047 2473 1271 2537 tauarnicorum

64 2582 190 2646 domine
207 2582 325 2663 regine,
343 2583 500 2646 carissime
517 2582 666 2646 consortis
681 2586 796 2656 nostre,
807 2580 968 2644 Joaohimo
980 2579 1058 2643 hano
1070 2581 1162 2645 totius
1181 2580 1269 2646 Scla-

65 2691 174 2764 nonie;
199 2690 320 2753 Matheo
337 2690 471 2773 voyvoda
489 2690 706 2766 Transiluano,
724 2695 756 2752 et
771 2689 882 2753 comite
897 2690 936 2752 de
953 2689 1092 2761 Zonncb,
1114 2687 1265 2771 Gregorio

65 2799 147 2864 bano
170 2803 202 2862 et
224 2797 334 2861 comite
361 2797 578 2879 Simighiensi,
602 2798 718 2862 'thoma
734 2796 828 2868 bano,
850 2797 960 2860 comite
976 2795 1139 2868 Nitriensi,
1156 2802 1189 2860 et
1204 2798 1271 2861 aliis

66 2927 156 2990 quam
173 2907 322 2990 plurimis,
339 2907 498 2972 comitatus
515 2907 605 2988 regni
620 2906 718 2969 nostri
734 2902 909 2969 tenentibus
924 2910 956 2968 et
971 2902 1112 2966 honoros.

625 3089 718 3160 Gllll.

634 3225 714 3281 raro.

159 3337 319 3402 hadislaus
335 3337 393 3399 Dei
408 3337 510 3418 gracia
527 3335 691 3418 Hungarie,
709 3335 873 3406 Dalmacie,
887 3335 1020 3405 Croatie,
1034 3334 1265 3406 Rame,Seruie,

68 3444 211 3514 Gallioie,
239 3442 433 3515 laudomerie,
464 3442 618 3515 Cumanis,
649 3442 854 3525 Bulgarieque
885 3463 947 3505 rer,
981 3441 1126 3506 Omnibus
1154 3440 1270 3505 Christi

68 3553 223 3624 fidelibus,
248 3549 422 3634 presentem
446 3553 584 3634 paginam
612 3550 807 3635 inspecturis,
830 3551 957 3614 salutem
973 3549 1003 3613 in
1019 3550 1149 3613 omnium
1166 3549 1272 3612 salva-

67 3667 146 3725 tore.
171 3659 218 3723 Ad
234 3661 441 3724 universorum
458 3659 597 3723 noticiam
616 3660 718 3722 barum
735 3658 817 3722 serie
834 3657 971 3721 uolumus
994 3657 1166 3739 pervenire,
1192 3656 1270 3738 quod

69 3769 212 3832 Clemens
230 3767 419 3851 prepositus,
437 3773 468 3830 et
485 3767 713 3830 bartholomeus
730 3767 864 3829 decanus
882 3766 1015 3831 cocleae
1029 3766 1270 3835 Trnmoiluone,

69 3878 108 3942 ad
124 3882 260 3940 nostram
280 3876 467 3959 presenciam
484 3875 686 3945 aecedentes,
711 3875 825 3938 litteras
848 3879 985 3957 patentes
1008 3872 1157 3936 karissimi
1175 3873 1270 3955 patris

70 3987 169 4050 nostri
195 3984 241 4055 St,
273 3983 371 4048 felicis
402 3982 647 4055 recordacionis,
681 3982 893 4052 exhibuerunt,
924 4002 1016 4065 super
1043 3980 1203 4045 salilodiua
1233 3980 1271 4043 de

73 4093 223 4164 Thordn,
248 4091 307 4154 sibi
329 4111 384 4173 per
413 4090 541 4155 eundem
569 4089 758 4154 karissimum
781 4095 898 4172 patrem
924 4095 1057 4152 nostrum
1082 4088 1206 4158 donata,
1240 4096 1272 4150 et

71 4221 166 4284 super
182 4198 371 4262 relaxacione
384 4203 531 4284 perpetua
549 4197 744 4263 collectarum
761 4197 920 4276 regalium,
931 4197 968 4262 ab
985 4195 1135 4259 universis
1150 4194 1269 4278 populis

71 4308 169 4390 ipsius
188 4306 313 4389 capituli
329 4326 384 4388 pro
401 4312 539 4389 ternpore
557 4305 783 4386 exigendarum,
801 4305 833 4366 in
850 4304 907 4366 hec
925 4304 1034 4368 uerba:
1054 4303 1107 4387 (S.
1126 4300 1272 4366 Urlruode

72 4410 197 4495 xcvl).
213 4412 367 4492 Rogantes
385 4433 454 4485 nos,
472 4412 552 4494 quod
569 4418 694 4496 propter
711 4410 878 4475 remedium
895 4411 993 4472 anime
1009 4411 1104 4492 ipsius
1121 4408 1270 4472 karissimi

72 4521 167 4604 patris
181 4521 288 4590 nostri,
300 4519 383 4602 ipsas
396 4519 579 4584 donaciones
597 4519 775 4583 confirmare
787 4522 892 4581 nostro
904 4515 1065 4601 priuilegio
1077 4517 1271 4598 dignaremur
