3150 5092
1232 298 1276 368 21

72 473 211 532 vestram
240 473 429 552 peruenerit,
458 468 627 555 expellatis.
654 467 777 548 Adjccit
800 467 935 548 insuper,
951 469 983 528 vt
998 465 1126 548 quilibet
1141 469 1171 531 in
1187 489 1284 550 regno

73 575 158 656 ejus,
176 577 229 658 qui
244 578 464 660 proprietatem
481 598 564 642 suam
581 575 667 639 vobis
684 577 714 639 in
731 574 934 656 elemosynam
950 574 1079 637 voluerit
1101 573 1237 658 elargiri,
1254 577 1285 640 id

73 685 216 749 faciendi
239 685 351 750 habeat
377 686 502 749 liberam
526 685 715 757 tacnltatem3
738 703 774 747 ea
797 683 889 744 etiam
905 700 957 745 ros
975 684 1129 746 concessit
1145 682 1284 750 libertate

73 792 234 874 gaudere,
252 796 285 858 ut
299 793 399 857 nullus
415 792 648 857 monetariorum
665 793 743 856 vltra
759 790 862 875 syluas
879 794 991 852 terram
1007 795 1139 854 vestram
1156 793 1282 866 intrare,

75 899 127 962 vel
153 920 209 963 vos
230 901 262 963 in
279 900 379 984 aliquo
402 901 562 965 molestare
578 903 748 983 presumat;
773 902 868 962 totum
887 897 938 978 jus
955 900 987 960 et
1002 899 1171 973 utilitatem,
1196 921 1283 984 quam

72 1007 107 1069 in
125 1010 211 1070 terra
226 1012 330 1072 vestra
353 1009 485 1073 debebat
505 1009 680 1092 percipere,
706 1007 792 1072 robis
808 1004 944 1072 totaliter
959 1005 1143 1088 indulgendo
1161 1012 1193 1070 et
1209 1029 1284 1072 con-

72 1114 224 1187 ferendo;
249 1115 426 1198 specialiter
448 1118 480 1179 in
507 1117 817 1200 recompensationem
843 1115 1026 1185 damnorum,
1058 1134 1117 1198 qne
1140 1119 1283 1199 perpessi

73 1221 211 1292 fueritis,
241 1223 359 1308 quando
392 1221 458 1302 ejus
485 1223 531 1286 ira
564 1227 668 1288 contm
700 1244 755 1287 vos
788 1227 951 1306 prouocata
973 1222 1139 1304 predictam
1170 1232 1283 1287 terram

74 1325 167 1392 vobis
199 1329 339 1411 precepit
361 1329 498 1405 aufferri;
531 1349 566 1392 ac
589 1332 680 1394 etiam
696 1328 777 1401 ideo,
796 1329 876 1412 quod
892 1331 923 1392 in
939 1331 1027 1411 regni
1044 1329 1173 1392 confinio
1190 1333 1284 1415 positi

73 1436 258 1518 frequentes
281 1456 465 1518 paganorum
490 1438 646 1502 sustinetis
671 1437 811 1508 insultus,
835 1457 892 1500 vos
913 1455 968 1519 pro
985 1455 1080 1516 regno
1096 1439 1186 1501 morti
1201 1445 1280 1502 tam-

75 1561 168 1624 quam
185 1542 303 1604 firmum
320 1545 577 1626 propugnaculum
594 1550 800 1629 opponentes3
814 1563 918 1607 verum
934 1548 1035 1606 tamen
1046 1543 1157 1606 nullam
1172 1553 1280 1627 potes-

77 1655 176 1711 tatem
197 1648 336 1714 habeatis
365 1651 496 1714 cudendi
518 1671 725 1736 quamcunque
748 1656 895 1715 monetam
918 1649 1033 1734 absque
1058 1653 1142 1732 regis
1159 1651 1281 1716 licentia

75 1756 219 1840 speciali.
244 1757 307 1820 Nos
340 1777 414 1838 ergo
448 1760 559 1823 vestris
588 1759 678 1840 justis
710 1758 855 1842 precibus
876 1757 1038 1840 benignum
1071 1761 1281 1843 impertientes

75 1884 249 1937 assensum,
279 1866 432 1948 predictas
453 1870 551 1930 terras
574 1886 642 1931 cum
664 1865 857 1929 libertatibus
882 1869 914 1928 et
937 1867 1174 1931 immunitatibus
1203 1870 1279 1941 suis,

78 1973 162 2035 sicut
175 1973 369 2054 easjnste,ac
386 1973 516 2057 pacifice
528 1973 704 2056 possidetis,
713 1978 744 2036 et
755 1974 785 2037 in
800 1973 971 2056 priuilegiis
980 1974 1055 2038 dicti
1068 1977 1150 2056 regis
1163 1976 1282 2060 plenius

72 2083 257 2151 continetur,
281 2080 367 2145 robis
384 2087 414 2145 et
432 2082 532 2145 domui
547 2087 650 2146 vestre
675 2083 856 2146 authoritate
878 2083 1044 2166 apostolica
1068 2084 1280 2149 confirmamus

74 2193 108 2251 et
140 2189 293 2272 presentis
327 2191 433 2273 scripti
470 2192 638 2275 patrocinio
673 2193 900 2256 communimus.
937 2190 1019 2253 Nulli
1051 2213 1126 2274 ergo
1158 2195 1279 2257 omnino

74 2295 229 2360 homiuum
244 2295 336 2360 liceat
351 2296 429 2362 hanc
446 2299 588 2381 paginam
605 2301 708 2362 nostro
725 2298 959 2363 confirmationis
975 2299 1152 2380 infringere,
1180 2301 1229 2364 vel
1247 2301 1278 2365 ei

72 2423 152 2466 ausu
168 2403 333 2468 temerario
362 2407 522 2468 contraire.
548 2406 583 2468 Si
606 2405 674 2489 quis
697 2411 798 2470 autem
819 2406 878 2470 hoc
901 2411 1050 2471 attentare
1078 2410 1278 2490 presumserit

74 2510 318 2593 indignationem
344 2491 555 2597 omnipotentis
577 2514 644 2587 Dei,
673 2519 704 2578 et
719 2514 875 2578 beatorum
898 2514 981 2578 Petri
998 2520 1029 2578 et
1044 2516 1128 2579 Pauli
1149 2521 1274 2599 aposto-

75 2620 175 2682 lorum
193 2619 260 2700 ejus
276 2639 310 2682 se
327 2621 447 2684 nouerit
462 2623 661 2684 incursurum.
679 2621 787 2686 Datum
805 2622 946 2686 Laterani
962 2622 1039 2687 XlV.
1051 2623 1109 2687 lral.
1125 2624 1270 2700 ianuarii,

71 2727 269 2810 pontificatus
285 2729 382 2792 nostri
398 2749 475 2796 anno
492 2731 632 2812 septimo.

637 2932 704 3001 XX.

506 3068 587 3131 1223,
610 3068 653 3122 12.
674 3068 732 3122 lan.
752 3068 844 3121 Rom.

164 3178 317 3244 Honorius
339 3214 384 3227 --
407 3215 447 3226 -
473 3178 618 3261 episcopo
641 3178 783 3257 Agriensi
808 3213 853 3224 -
876 3213 916 3223 -
940 3176 1069 3241 salutem
1093 3180 1124 3240 et
1145 3181 1271 3260 aposto·

72 3288 162 3353 licam
180 3287 433 3351 benedictionem.
470 3285 616 3369 Magister
634 3291 665 3348 et
690 3287 800 3348 fratres
818 3285 925 3347 domus
943 3286 977 3348 S.
1003 3287 1109 3350 Maria
1134 3285 1271 3350 mane-

73 3397 219 3460 nicorum
236 3415 288 3458 sua
307 3394 392 3459 nobis
409 3394 555 3477 petitione
583 3396 796 3465 monstrarunt,
819 3392 899 3476 quod
915 3393 945 3454 in
961 3396 1052 3464 terra,
1082 3413 1140 3477 qne
1163 3392 1274 3456 dicitur

76 3507 175 3575 Bona,
188 3523 276 3586 quam
289 3506 404 3567 noviter
417 3502 588 3566 inhabitare
598 3507 774 3584 coeperunt,
788 3502 903 3583 impetu
923 3520 1120 3583 paganorum,
1132 3521 1187 3584 per
1198 3522 1274 3585 quos

71 3612 221 3677 hactenus
238 3616 321 3676 vasta
336 3617 366 3674 et
379 3612 500 3675 deserta
515 3611 693 3693 permansit,
705 3611 839 3673 nonsine
850 3609 984 3692 ipsorum
992 3610 1084 3673 multo
1098 3609 1273 3673 discrimine

74 3717 239 3788 refrenato,
257 3722 306 3780 est
320 3719 379 3781 iam
396 3739 455 3781 non
471 3738 580 3800 paruus
598 3736 739 3780 numerus
756 3716 947 3780 clericorum.
972 3716 1070 3788 Unde,
1085 3735 1174 3799 quum
1190 3722 1273 3779 tarra

72 3827 139 3910 ipsa
161 3828 240 3888 iuxta
274 3825 478 3906 indulgentias
501 3845 602 3890 eorum
625 3824 723 3887 ordini
746 3824 787 3905 'ab
813 3822 979 3906 apostolica
1002 3823 1075 3886 sede
1098 3842 1274 3895 concessas,

73 3935 344 4020 preterltomanum
359 3933 531 4016 pontificem
546 3955 603 3996 non
620 3932 731 3997 habeat
747 3934 924 4017 episcopum
935 3921 983 3994 vel
998 3932 1277 4015 prelatumsuppli·

73 4045 191 4112 cerunt,
213 4045 245 4103 ut
267 4041 395 4122 pretatis
413 4041 534 4105 clericis
556 4039 785 4123 provideremus
806 4039 1104 4122 archipresbyterum
1118 4039 1167 4101 rel
1182 4039 1275 4103 deca·

74 4168 152 4218 num,
162 4147 200 4210 ad
213 4167 299 4232 quem
307 4148 425 4230 possint
433 4147 547 4211 habere
556 4167 711 4210 recursum
726 4167 818 4230 super
827 4146 1036 4230 questionibus
1046 4146 1275 4226 emergentibus

75 4260 239 4327 intereos,
264 4257 360 4319 donec
376 4257 471 4340 ipsius
492 4261 574 4320 terre
601 4256 730 4339 populus
752 4258 782 4317 in
811 4259 941 4326 tantum,
967 4258 1117 4318 annuente
1144 4253 1275 4328 domino,

78 4365 297 4444 augmentetur,
314 4364 394 4443 quod
412 4364 456 4426 eis
470 4363 507 4426 de
525 4363 648 4446 proprio
665 4363 765 4447 possit
786 4363 931 4445 episcopo
954 4361 1117 4445 prouideri.
1142 4359 1276 4444 ldeoque

78 4472 259 4539 fraternitati
280 4476 330 4538 tue
352 4493 408 4558 per
436 4473 599 4558 apostolica
623 4471 734 4557 scripta
759 4472 944 4549 mandamus,
968 4476 1116 4555 quatenus
1139 4469 1276 4532 idoneam
