3150 5092
311 366 361 438 cd

311 539 345 603 Si
357 561 429 604 vero
445 541 577 624 ipsorum
599 541 798 624 permissione
819 544 850 604 et
871 523 1021 605 consensu
1040 543 1176 650 edgficata
1198 544 1301 617 fuerit,
1325 547 1363 609 ad
1381 546 1504 610 eosdem

310 649 416 712 iratres
431 650 520 732 pleno
533 650 601 731 jure
615 649 803 714 deuoluatur.
829 649 939 714 Verum
958 651 1027 735 quia
1045 658 1179 736 tempore
1197 660 1298 716 nostre
1323 655 1504 726 collationis,

309 757 441 820 ecclesie
458 759 664 840 prenominato
686 758 815 821 nondum
838 758 996 828 vacabant,
1019 765 1051 822 et
1073 760 1142 823 ideo
1159 759 1383 825 cistercienses
1401 782 1504 825 earum

309 872 473 949 prouentus
489 865 526 928 ad
544 865 665 948 plenum
682 866 811 949 adipisci
836 885 894 929 non
911 872 1061 949 poterant,
1085 869 1297 940 ordinauimus,
1324 874 1356 931 et
1376 870 1504 932 inuiola-

309 973 411 1036 biliter
427 973 561 1038 uolumus
579 973 746 1046 obseruari,
764 980 796 1037 vt
811 975 854 1045 bi,
870 976 922 1057 qui
939 975 1100 1038 earundem
1123 978 1319 1040 ecclesiarum
1336 984 1504 1059 prouentus

308 1081 345 1144 ad
373 1100 501 1164 presens
529 1082 710 1164 percipiunt,
739 1081 881 1145 iratribus
899 1079 1170 1154 cisterciensibus,
1199 1083 1246 1146 vel
1274 1103 1379 1146 eorum
1402 1085 1503 1146 nuntio

308 1208 393 1252 unam
429 1189 580 1253 marcham
625 1191 742 1271 argenti
775 1189 814 1252 de
849 1189 984 1272 qualibet
1014 1192 1147 1254 ecclesia
1187 1191 1316 1272 singulis
1354 1193 1441 1255 annis
1471 1193 1502 1252 in

308 1299 512 1380 assumptione
539 1297 628 1360 beate
656 1297 751 1360 blarie
778 1297 899 1360 soluere
921 1290 1095 1370 teneantur,
1119 1303 1198 1362 omni
1216 1301 1457 1364 contradictione
1473 1304 1504 1361 et

307 1405 451 1468 dilatione
479 1412 617 1469 cessante
625 1427 635 1478 ;
664 1412 697 1469 ut
724 1428 761 1470 ex
787 1407 845 1470 hoc
870 1406 1024 1470 euidenter
1040 1413 1195 1489 appareat,
1211 1410 1333 1472 easdem
1350 1409 1502 1471 ecclesias

307 1515 426 1577 nominc
451 1513 707 1587 cisterciensium,
730 1515 828 1598 quoad
851 1513 981 1577 vixerint
1002 1515 1141 1584 detineri,
1158 1519 1189 1577 et
1206 1517 1256 1596 jus
1273 1521 1448 1597 patronatus
1465 1515 1501 1577 ad

306 1623 391 1704 ipsos
405 1622 625 1685 cistercienses
640 1625 670 1685 in
688 1628 867 1705 perpetuum
884 1622 1047 1706 pertinere,
1070 1621 1192 1685 lnterim
1208 1629 1317 1695 autem,
1335 1625 1415 1708 quod
1430 1644 1502 1705 prc-

307 1729 376 1792 latis
400 1729 540 1794 ecclesiis
564 1730 738 1793 vacantibus
761 1729 983 1793 cistercienses
1015 1750 1118 1793 carum
1133 1735 1298 1813 prouentus
1319 1730 1358 1794 ad
1380 1731 1502 1813 plenum

306 1837 425 1900 ualeant
451 1838 628 1920 possidere,
658 1836 784 1918 singulis
813 1839 899 1901 annis
929 1840 960 1900 in
989 1838 1194 1921 assumptione
1218 1838 1308 1901 beate
1340 1837 1439 1900 ldarie
1463 1839 1501 1901 de

307 1966 424 2009 camera
456 1948 558 2007 nostra
591 1946 668 2028 apud
695 1946 891 2027 Strigonium,
920 1953 1041 2010 centum
1068 1947 1207 2010 marchas
1235 1948 1356 2028 argenti
1384 1948 1501 2010 eisdem

307 2053 563 2118 cisterciensibus
579 2052 772 2133 integraliter
798 2054 933 2136 persoloi
959 2054 1114 2117 faciemus.
1151 2052 1214 2116 Sed
1242 2060 1403 2138 postquam
1430 2075 1501 2137 pre-

306 2164 401 2226 dictas
416 2161 561 2226 ecclesias
577 2162 673 2225 libere
689 2161 892 2244 possederint,
910 2182 964 2225 nos
982 2162 1160 2224 asolutione
1178 2168 1295 2225 centum
1310 2163 1499 2225 marcharum

307 2272 418 2335 erimus
435 2271 576 2356 expediti.
595 2269 633 2334 Vt
649 2271 742 2351 igitur
756 2271 815 2334 hec
832 2276 935 2333 nostre
952 2271 1161 2334 concessionis
1185 2271 1293 2354 pagina
1316 2270 1499 2334 inuiolabilis

304 2381 334 2442 in
352 2385 505 2463 posterum
522 2383 711 2462 perseueret,
729 2399 794 2442 eam
811 2379 960 2462 dupplicls
973 2377 1065 2459 sigilli
1082 2378 1178 2441 nostri
1193 2379 1358 2442 munimine
1373 2379 1499 2441 fecimus

307 2486 454 2552 roborari.
479 2485 585 2548 [latum
602 2485 686 2548 Bude
702 2506 760 2568 per
776 2505 895 2548 manum
911 2487 1048 2567 magistri
1064 2487 1221 2569 Stephani,
1239 2486 1306 2548 aule
1323 2487 1414 2566 regie
1430 2505 1499 2548 can·

307 2594 434 2667 cellarii,
457 2599 487 2657 et
503 2595 651 2678 prepositi
669 2593 850 2666 Titulensis,
869 2594 1071 2674 Strigoniensi
1087 2595 1163 2658 sede
1179 2597 1315 2664 vacante,
1333 2591 1499 2656 venerabili

307 2703 436 2784 Vgulino
459 2701 892 2785 colocensi'arcbiepiscopo,
920 2702 1131 2765 bartholomeo
1164 2700 1497 2785 Q'uinqueecclesiensi,

306 2811 456 2893 Gregorio
473 2810 627 2874 lauriensi
644 2811 799 2892 episcopo,
817 2807 902 2871 cIeto
924 2810 1073 2890 Agriensi,
1097 2810 1305 2872 Bartholomeo
1326 2810 1498 2892 Vesprimi·

306 2922 370 2982 ensi
400 2920 555 3001 episcopo,
584 2917 694 2979 Mathia
711 2917 853 2980 Vaciensi
881 2918 1036 3000 episcopo,
1062 2923 1092 2979 et
1114 2916 1264 2998 postulato
1282 2917 1496 2998 Strigoniensi,

303 3025 459 3108 Regualdo
478 3023 679 3088 Vltrasiluano
699 3025 853 3108 episcopo,
871 3025 1024 3106 Stephano
1039 3023 1246 3104 Zagrabiensl,
1265 3024 1498 3088 BasileoCena-

305 3135 411 3206 diensi,
429 3133 595 3196 Benedicto
610 3132 799 3202 Varadiensi,
817 3134 970 3215 episcopis
988 3133 1136 3195 ecclesias
1155 3133 1211 3194 Dei
1232 3131 1368 3195 feliciter
1384 3134 1496 3214 guber-

303 3240 460 3311 nantibus;
483 3238 646 3302 Benedicto
669 3240 826 3320 preposito
840 3238 971 3301 Budensi
988 3242 1019 3301 et
1041 3239 1109 3301 aule
1131 3241 1218 3321 regie
1231 3240 1496 3311 vicecancellario,

303 3349 419 3411 Thema
433 3349 587 3430 preposito
606 3347 702 3409 sancti
719 3346 885 3417 Laurentii,
911 3351 943 3408 et
959 3348 1070 3408 comite
1086 3347 1204 3428 capelle
1220 3354 1330 3409 nostre.
1349 3348 1496 3430 Dionysio

303 3457 434 3540 palatino
462 3459 493 3516 et
527 3454 635 3518 comite
663 3454 701 3516 de
735 3455 853 3526 zonula,
882 3454 1000 3516 loanne
1030 3454 1149 3516 domino
1176 3454 1295 3536 Syrmie
1327 3462 1359 3518 et
1387 3459 1498 3520 comite

303 3565 484 3636 Bacbiensi,
520 3564 640 3626 Andrea
680 3564 788 3627 comite
829 3564 1007 3628 Posoniensi
1046 3570 1076 3625 et
1111 3563 1217 3643 judice
1255 3565 1340 3627 curie
1381 3571 1498 3637 nostre,

302 3674 462 3736 Dominico
495 3671 640 3752 magistro
672 3671 904 3734 tawornicorum
936 3674 967 3733 et
1000 3673 1111 3735 comite
1138 3672 1333 3743 Ricborensi,
1363 3673 1498 3735 Mattheo

303 3781 449 3862 magistro
467 3779 669 3861 dapiferorum
687 3782 719 3840 et
743 3779 853 3840 comite
869 3777 977 3847 Nitrie,
995 3778 1140 3860 Dionysio
1157 3781 1302 3860 magistro
1321 3798 1499 3859 agasonum,

303 3893 333 3950 et
360 3887 470 3949 comite
491 3886 681 3956 Timisiensi,
716 3885 878 3947 Laurentio
907 3887 1050 3966 magistro
1078 3888 1288 3968 pincernarum
1317 3893 1348 3948 et
1387 3891 1498 3952 comite

303 4013 476 4074 agasonum,
494 3993 591 4055 Pouse
607 3990 743 4061 uoivoda‚
762 3991 836 4054 cslu
853 3991 930 4054 bano
948 3992 986 4054 de
1008 3993 1162 4064 Zeureno,
1184 3994 1358 4056 Demetrico
1385 4000 1497 4060 comite

302 4104 461 4182 Rudruge‚
479 4100 578 4162 Blasio
598 4101 707 4162 comite
725 4101 762 4162 de
778 4101 901 4184 lleune,
930 4099 1023 4162 Paulo
1047 4103 1156 4164 comite
1179 4100 1323 4171 Albensi,
1346 4103 1494 4167 Balduino

303 4212 412 4275 comite
441 4209 547 4272 Ferrei
581 4211 688 4282 castri,
721 4207 835 4272 chaliu
869 4210 979 4272 comite
1011 4210 1227 4292 Supruniensi,
1265 4211 1349 4274 Luca
1382 4217 1494 4277 comite

300 4318 484 4389 Musunensi‚
496 4317 650 4379 Demetrio
658 4316 840 4379 cenadiensi
850 4317 941 4380 Saule
955 4316 1126 4387 crodiensi,
1145 4324 1176 4381 et
1193 4319 1305 4380 ceteris
1322 4338 1410 4401 quam
1425 4322 1493 4403 plu-

301 4425 385 4488 ribus
400 4427 555 4488 comitatus
573 4425 659 4506 regni
676 4427 770 4485 nostri
782 4424 965 4488 tenentibus.
982 4426 1066 4486 Anno
1083 4425 1183 4506 gratie
1194 4424 1362 4497 millesimo,
1377 4427 1492 4492 duceu-

302 4533 411 4596 tesimo
429 4531 657 4616 quadragesimo
673 4531 735 4594 Xll.
748 4531 810 4594 Kal.
827 4532 937 4614 Aprilis
952 4531 1042 4614 regni
1056 4537 1155 4595 autern
1171 4533 1267 4595 nostri
1283 4553 1359 4596 anno
1378 4537 1490 4620 quinto.
