3150 5092
317 350 394 423 208

315 528 436 593 rediens
459 530 580 603 retulit,
607 528 705 615 quod,
727 530 801 595 licet
815 530 896 595 idem
917 529 1053 594 dominus
1069 532 1232 617 episcopus
1247 533 1416 615 dgriensis,
1433 532 1506 617 plus

313 634 415 701 debito
439 636 639 722 properando,
668 640 855 704 consecratis
876 638 1025 725 aliquibus
1047 638 1123 703 locis
1140 640 1366 713 cimiteriorum
1382 642 1415 705 iu
1429 643 1504 726 qui·

313 744 438 811 busdam
456 746 545 821 villis,
561 746 591 809 in
608 746 823 812 llsramorosio
838 746 1073 821 constitutis-ad
1091 749 1213 832 propria
1228 749 1339 813 inisset
1358 769 1506 814 reversus

312 853 503 919 nihilominus
529 855 610 920 idem
638 855 811 940 capellanus
834 861 947 928 noster,
975 856 1013 919 ad
1036 857 1164 921 eundem
1181 858 1211 921 in
1227 858 1348 941 Agrium
1364 860 1504 931 veniens,

308 962 391 1045 juxta
406 966 540 1029 tenorem
556 963 725 1031 litterarum
737 972 917 1038 nostrarum,
933 986 989 1051 per
1003 984 1071 1030 enm
1087 965 1309 1039 destinatarum,
1319 967 1365 1031 illi
1382 968 1504 1031 inhibu-

311 1071 396 1144 isset,
424 1092 462 1135 ue
484 1072 608 1137 licencia
633 1092 649 1137 s
674 1072 762 1137 nohis
778 1075 874 1137 minus
888 1074 1022 1156 legitime
1039 1075 1171 1148 obtenta,
1188 1075 1265 1141 adie
1281 1076 1501 1159 prohibioinnis

311 1186 344 1245 ut
360 1183 447 1245 antea
469 1186 620 1254 meretum
642 1181 715 1254 sed.
738 1182 765 1245 si
788 1182 900 1266 aliquid
913 1181 991 1264 juris
1006 1182 1150 1249 crederet
1164 1184 1227 1248 illie
1241 1204 1276 1248 se
1291 1184 1427 1263 habere,
1444 1186 1503 1250 hoe

313 1309 414 1355 coram
430 1289 658 1374 metropolitano
680 1290 791 1375 prelati
806 1292 944 1375 epiceopi
967 1292 1186 1366 Transsilrani,
1207 1299 1345 1376 tempore
1369 1314 1503 1374 cougre-

311 1398 447 1479 gacionis
460 1399 547 1482 regni
559 1398 655 1463 nostri
671 1400 835 1481 generalis,
847 1400 1039 1483 presentibus
1051 1401 1177 1485 prelatis
1194 1406 1226 1463 et
1237 1402 1326 1483 regui
1337 1402 1502 1475 nobilibus,

312 1507 420 1593 quihus
434 1509 472 1572 de
488 1509 617 1591 negocio
630 1514 749 1574 constat
760 1509 1143 1594 predictmersequeretur.
1159 1509 1267 1573 Datum
1283 1511 1381 1585 Bude,
1398 1514 1500 1597 quinta

310 1616 387 1682 seria
409 1618 542 1702 proxima
565 1622 634 1683 aute
656 1620 766 1685 festum
794 1618 940 1683 cathedre
960 1620 996 1682 B.
1017 1620 1111 1684 Petri.
1141 1623 1225 1685 duno
1246 1619 1360 1685 domini
1382 1620 1424 1685 nl.
1441 1620 1499 1686 CC.

311 1727 506 1810 nonagesimo
522 1747 611 1791 nono.

837 1951 973 2024 ccxlv.

782 2090 861 2152 osse,
879 2090 923 2144 or.
942 2090 1020 2144 ura.

400 2215 606 2302 (Capitulum)
639 2217 720 2282 beati
744 2217 899 2282 Michaelis
921 2216 1098 2298 archangeli
1121 2218 1337 2281 Transsiluane
1360 2212 1496 2276 omnibus

309 2325 420 2389 Christi
436 2325 574 2389 fidelibus
590 2330 761 2410 presentem
780 2364 820 2373 -
838 2325 1024 2389 -salutem
1045 2326 1074 2387 in
1095 2345 1165 2388 uero
1187 2324 1350 2387 saluatore.
1368 2321 1415 2385 Ad
1430 2321 1496 2385 rni-

308 2452 463 2497 uersnrum
487 2434 626 2497 noticiam
644 2439 703 2497 tam
728 2434 920 2518 presencium
939 2472 978 2480 —
996 2469 1039 2479 —
1064 2434 1144 2496 serie
1172 2434 1309 2496 uolumus
1331 2428 1493 2513 peruenire
1558 2499 1559 2506 ἵ

303 2542 479 2615 litterarum,
496 2541 575 2626 quod
592 2542 746 2607 lohannes
763 2542 842 2607 filius
859 2543 953 2606 Dauid
970 2551 1002 2605 et
1017 2543 1065 2625 hly
1084 2579 1124 2589 -
1138 2580 1179 2589 -
1197 2540 1234 2605 ad
1250 2546 1386 2605 nostram
1403 2556 1493 2600 acce·
1558 2523 1560 2596 l

305 2652 412 2716 dentes
433 2653 630 2737 presenciam,
648 2653 953 2737 literasMylrudbcni
969 2654 1023 2716 riri
1048 2652 1158 2716 nobilis
1178 2689 1220 2701 -
1239 2688 1283 2699 -—
1301 2657 1391 2713 eruut
1406 2647 1493 2711 nohis

305 2764 335 2827 in
351 2764 408 2827 hec
425 2762 528 2826 uerba.
545 2762 622 2826 Viris
640 2763 900 2827 discretisu.s.w.
917 2761 968 2849 (S.
982 2761 1109 2826 dieUrh.
1120 2784 1148 2826 r.
1158 2761 1187 2825 J.
1204 2753 1490 2840 l2bl.Nr.‘CClX.)

305 2876 445 2955 petentes
462 2876 492 2936 et
507 2878 650 2955 rogantes
666 2878 697 2936 rt
719 2875 853 2957 prefatas
873 2872 977 2936 literas
993 2878 1096 2936 nostro
1112 2870 1274 2956 priuilegio
1296 2870 1490 2951 dignaremur

305 2980 494 3055 confirmare,
511 2982 589 3046 vnde
605 2984 673 3069 quia
689 2984 776 3047 iustis
794 2984 982 3066 presencium
999 2982 1161 3065 desiderijs
1177 3000 1336 3064 sumopere
1354 2982 1491 3042 tenemur

304 3110 484 3164 occurrere,
511 3096 542 3154 ct
572 3091 640 3174 quia
671 3092 765 3154 eciam
793 3093 926 3175 ipsorum
948 3094 1114 3177 peticiones
1141 3089 1399 3156 considerabimus
1425 3086 1492 3150 iore

303 3200 398 3264 iustas
415 3199 557 3263 honestas
575 3204 664 3284 atque
681 3200 888 3278 admittendas,
907 3203 1004 3265 dietas
1016 3202 1130 3265 litteras
1146 3221 1205 3264 non
1229 3199 1412 3263 cancellatas
1432 3216 1490 3259 non
1559 3251 1560 3254 ,

303 3308 440 3385 viciatus,
457 3329 516 3372 non
532 3308 564 3370 in
579 3306 677 3391 aliqua
693 3308 739 3372 sui
755 3315 842 3393 parte
859 3311 1031 3375 defossatas
1048 3319 1152 3373 nostro
1173 3309 1333 3393 priuilegio
1356 3306 1491 3390 presenti

239 3428 241 3430 ’
304 3415 439 3480 duximus
453 3415 633 3480 confirmari.
650 3414 755 3479 Datum
772 3423 856 3482 serta
868 3419 943 3481 lenia
959 3418 1093 3501 proxime
1105 3425 1173 3481 ante
1189 3418 1367 3480 dominicam
1382 3414 1488 3477 letare.
1559 3419 1560 3428 ’

303 3524 387 3587 Anno
422 3525 532 3589 domini
559 3523 691 3588 M⁰.CC⁰.
717 3527 913 3607 nonagesimo
936 3546 1024 3590 nono.
1046 3526 1202 3609 Stephano
1218 3523 1385 3609 preposito.
1411 3521 1490 3586 Gre-

303 3636 388 3718 gorio
412 3639 545 3696 cantore.
570 3632 819 3719 Paulocustode.
844 3635 980 3699 lohanne
1004 3637 1119 3698 decano
1141 3633 1274 3697 ecclesie
1298 3638 1402 3695 nostre
1427 3630 1490 3693 exi-

303 3741 460 3806 stentihus.

837 3967 958 4037 CCXV.

697 4102 783 4166 1299,
803 4103 846 4159 to.
865 4103 980 4175 August.
999 4104 1090 4159 Olen.

392 4233 454 4297 Nos
472 4233 606 4297 Andreas
631 4232 687 4296 Dei
711 4233 815 4316 gracia
835 4254 888 4297 rex
905 4232 1047 4317 Vngarie‚
1071 4229 1262 4318 presencium
1278 4249 1333 4313 per
1350 4233 1485 4293 tenorem

302 4341 504 4425 significamus
522 4342 628 4427 quibus
646 4342 767 4426 expedit
782 4344 939 4408 uniuersis.
965 4344 1052 4426 Quod
1075 4361 1142 4406 cum
1166 4337 1365 4403 mediantibus
1379 4337 1487 4400 litteris

303 4451 424 4527 nostris,
442 4458 473 4515 et
490 4450 609 4523 nuncio,
625 4450 788 4515 venerabili
804 4456 883 4535 patri
900 4453 1017 4518 domino
1028 4451 1149 4516 Andree
1161 4449 1209 4513 dei
1224 4446 1328 4530 gracia
1343 4446 1487 4529 episcopo
1559 4489 1560 4522 2

305 4561 444 4644 hgriensi
464 4560 706 4631 inhibuissemus,
733 4581 772 4625 ne
799 4562 925 4626 licencia
949 4561 1068 4625 anobis
1084 4561 1180 4623 minus
1203 4556 1337 4639 legitime
1357 4554 1487 4625 obtenta,
