3150 5092
628 533 739 603 LXIX.

640 668 720 722 reso.

167 779 344 843 Alexander
361 785 421 843 etc.
437 779 603 844 venerabili
622 781 710 842 fratri
729 827 736 842 .
752 825 782 842 ..
803 779 947 863 episcopo
970 777 1184 843 Ultrociloono
1199 775 1282 840 salu·

70 893 135 950 tem
149 889 218 950 etc.
233 889 300 951 Tua
314 888 404 952 nobis
417 889 591 952 fraternitas
604 887 763 960 intimarit,
776 886 858 970 quod
871 908 926 970 pro
939 906 976 950 eo
990 886 1167 968 frequenter
1180 883 1284 946 Ultra-

74 995 232 1060 silranam
248 995 410 1060 ecclesiam
427 995 528 1060 debito
545 997 757 1061 canonicorum
775 995 919 1079 obsequio
936 993 1110 1058 defraudari
1126 991 1285 1072 contingit,

70 1103 143 1186 quia
162 1121 204 1165 ea
222 1105 358 1186 ipsorum
375 1109 545 1188 nequeunte
561 1104 795 1168 necessitatibus
808 1101 988 1185 providere,
1008 1101 1099 1164 iidem
1115 1100 1153 1163 ab
1169 1099 1284 1173 altaris,

69 1210 110 1274 de
127 1231 194 1294 quo
214 1232 275 1274 non
291 1217 419 1294 possunt
435 1215 536 1275 vivere
553 1233 588 1276 se
604 1212 786 1275 subtrabunt
808 1211 911 1275 debita
927 1211 1092 1280 seruitute,
1114 1228 1283 1292 superque

70 1318 178 1381 eidem
197 1319 363 1402 providere
380 1319 510 1383 ecclesie
527 1339 583 1402 per
600 1318 767 1402 apostolice
791 1317 875 1381 sedis
897 1317 1086 1380 clementiam
1104 1316 1283 1399 suppliciter

74 1424 259 1509 postulasti.
284 1425 346 1491 Nos
362 1427 463 1511 itaque
479 1429 538 1491 tuis
552 1427 696 1510 precibus
712 1426 864 1497 inclinati,
885 1429 917 1489 ut
930 1425 967 1488 ad
984 1428 1174 1505 augmentum
1191 1422 1282 1487 divini

72 1533 178 1597 cultus
198 1533 298 1616 ipsius
316 1533 448 1599 ecclesie
463 1536 600 1599 redditus
616 1539 813 1618 augmentare
827 1531 947 1605 valeas,
964 1533 1039 1597 duas
1061 1531 1208 1596 ecclesias
1224 1550 1280 1594 seu

73 1641 220 1724 capellas
244 1641 282 1704 ad
296 1645 327 1706 te
350 1643 400 1706 rel
418 1642 581 1727 capitulum
599 1643 734 1724 ejusdem
759 1640 892 1705 ecclesie
913 1640 1086 1703 immediate
1109 1643 1284 1722 spectantes

75 1749 217 1830 singulis
242 1750 338 1832 ipsius
360 1751 524 1834 prebendis
547 1751 586 1815 de
613 1772 762 1816 consensu
785 1752 859 1814 dicti
877 1748 1000 1832 capituli
1020 1756 1168 1832 perpetuo
1194 1767 1286 1812 anec-

5 1915 6 1922 .
75 1855 186 1928 tendo,
207 1875 338 1920 necnon
355 1862 385 1920 ot
409 1859 648 1923 contradictores
665 1879 721 1942 per
741 1877 899 1922 censuram
915 1857 1154 1921 ecclesiasticam
1178 1856 1285 1939 appel·

5 1959 6 2000 ³
75 1965 198 2028 latione
236 1966 404 2047 postposita
443 1987 594 2030 coercere
612 1967 807 2030 'auctoritate
838 1965 894 2028 tibi
927 1964 1116 2048 presentium
1138 1962 1282 2028 duximus

76 2071 329 2143 concedendurn,
353 2073 393 2134 ita
416 2073 493 2156 quod
518 2074 557 2137 de
578 2073 775 2157 proventibus
793 2072 996 2158 predictarum
1013 2072 1209 2136 ecclesiarum
1225 2093 1281 2137 seu

77 2180 270 2264 capellarum
292 2178 366 2242 nibil
392 2180 509 2243 omnino
541 2180 701 2264 recipiant,
725 2181 782 2244 nisi
803 2181 833 2241 in
857 2181 922 2262 ipsa
946 2179 1077 2244 ecclesia
1100 2182 1281 2245 residentes.

81 2287 229 2360 Proviso,
263 2286 341 2370 quod
375 2287 480 2350 eedem
512 2288 645 2353 ecclesie
676 2279 865 2371 relcapelle
887 2287 998 2352 debitis
1021 2308 1079 2352 non
1104 2287 1281 2352 fraudentur·

5 2399 6 2412 ¹
80 2393 243 2478 obsequiis
271 2392 328 2457 sed
360 2414 493 2476 congrua
524 2396 669 2460 ministris
702 2397 860 2460 servituris
885 2403 1032 2480 perpetuo
1057 2397 1088 2458 in
1110 2395 1224 2459 eisdem
1241 2395 1280 2461 de

81 2502 173 2566 bonis
204 2503 338 2585 ipsarum
358 2503 456 2585 portio
486 2505 658 2584 assignetur
680 2508 711 2566 et
734 2506 899 2568 animarum
915 2525 988 2569 cura
1003 2505 1032 2567 iu
1049 2505 1105 2574 eis,
1133 2505 1160 2566 si
1175 2503 1279 2567 forsan

83 2609 162 2693 ipsis
186 2609 349 2682 immineat,
366 2610 533 2674 nullatenus
560 2610 741 2693 negligatur.
766 2610 847 2674 Nulli
871 2618 930 2677 etc.
956 2612 1063 2676 Datum
1080 2611 1223 2674 Laterani
1243 2611 1280 2674 X.

79 2717 205 2782 kalend.
222 2717 304 2799 lllaji,
321 2737 398 2781 anno
410 2718 512 2781 tertio.
904 2729 907 2735 '

632 2881 728 2953 LXX.

638 3015 719 3071 usse.

175 3142 344 3226 Capitulum
355 3143 499 3207 Alternis
516 3144 649 3208 ecclesie
663 3144 879 3209 Transsiluune
903 3146 1039 3210 omnibus
1063 3147 1100 3210 ad
1117 3168 1191 3230 quos
1209 3167 1282 3230 pre-

86 3271 157 3314 scns
182 3251 328 3334 scriptum
352 3249 535 3331 peruenerit,
557 3249 682 3313 salutem
707 3253 736 3314 in
753 3251 882 3315 domino.
906 3253 944 3316 Vt
962 3273 997 3316 ea
1013 3273 1072 3338 que
1087 3259 1226 3334 aguntur,
1252 3253 1283 3316 in

84 3366 222 3444 tempore
250 3359 301 3424 uel
327 3364 483 3441 geruntur,
511 3379 550 3422 ne
572 3357 659 3422 simul
682 3379 748 3422 cum
765 3361 833 3441 ipso
856 3360 974 3423 facilius
992 3359 1158 3432 elabantur,
1181 3360 1283 3424 eccle-

85 3469 208 3532 siastico
233 3466 403 3551 patrocinio
428 3466 526 3529 solent
549 3466 740 3538 communiri,
762 3467 972 3532 inconcussum
995 3469 1104 3552 quippe
1126 3474 1284 3550 permanet

85 3585 177 3662 atque
194 3576 321 3649 firmum,
339 3574 482 3659 quicquid
497 3577 590 3639 fuerit
606 3573 818 3640 ecclesiastico
834 3578 898 3640 iure
915 3577 1086 3641 solidatum
1100 3577 1229 3640 Proinde
1246 3579 1283 3641 ad

87 3688 300 3750 uniuersorum
316 3685 456 3747 noticiam
473 3683 577 3746 harum
595 3687 675 3748 serie
701 3685 836 3748 volumus
852 3688 1023 3768 pervenire,
1045 3687 1124 3770 quod
1140 3689 1237 3753 Dawt
1253 3693 1284 3750 et

88 3793 285 3859 Locrensium
297 3793 392 3855 frater
406 3791 550 3864 eiusdem,
569 3812 604 3854 ac
617 3793 683 3857 Bob
694 3793 782 3877 filius
800 3793 892 3878 Olop,
910 3798 1057 3874 cognatus
1073 3793 1236 3856 eorundem
1252 3796 1284 3858 in

86 3909 189 3968 nostra
203 3902 363 3966 constituti
374 3902 535 3984 presencia
547 3902 669 3989 totalem
682 3904 798 3984 partem
811 3906 893 3964 terre
905 3903 1038 3984 ipsorum
1050 3902 1161 3965 h-rie
1173 3904 1283 3969 Almoc

85 4017 201 4084 uocate,
223 4034 239 4074 a
263 4012 419 4076 uicinitate
436 4015 468 4075 et
483 4018 570 4095 parte
587 4011 766 4093 terreMoys
780 4012 993 4093 nuncupatem
1009 4015 1149 4076 comitatu
1160 4013 1283 4076 Thorda

5 4119 6 4122 ’
86 4123 282 4192 existentem,
305 4118 370 4183 iure
394 4119 578 4182 hereditario
600 4139 791 4203 possessam,
817 4141 853 4183 ex
878 4121 1080 4204 permissione
1102 4158 1146 4168 -
1168 4122 1282 4185 luntate

5 4265 6 4268 ¹
86 4231 256 4294 uicinorum
272 4247 307 4290 ac
325 4231 595 4291 commetaneorum
623 4248 755 4300 suorum,
780 4227 924 4292 Ladizleo
940 4227 1083 4293 uidelicet
1099 4228 1158 4291 tilio
1175 4228 1283 4311 lllylast

5 4329 6 4383 3
87 4344 116 4402 et
132 4336 271 4412 aliorum,
300 4355 367 4398 cum
391 4335 528 4399 omuibus
556 4335 734 4408 utilitatibus
757 4340 788 4398 et
805 4336 842 4399 ad
860 4336 1051 4400 medietatem
1073 4336 1281 4420 pertinenciis,

5 4482 6 4526 r
89 4445 191 4510 dixere
208 4481 250 4490 -
265 4442 346 4506 Onht
368 4441 430 4506 tilio
451 4442 644 4526 bedegweri,
662 4440 815 4531 Symonio,
839 4443 959 4507 Andree
987 4446 1019 4506 et
1040 4443 1191 4528 Mycbaeli
1212 4443 1281 4511 tiliis
