3150 5092
21 390 23 499 ἰ
1187 353 1267 426 219

20 510 23 581 l
72 523 194 607 judicio,
206 526 285 589 viam
302 524 442 590 universe
457 524 559 589 curnis
574 527 623 588 est
637 525 808 605 ingressus,
828 522 932 589 Vardo
948 527 1073 599 uocata,
1096 527 1183 591 simul
1201 548 1269 593 cnm

77 638 156 697 terra
170 634 316 699 Damaso
327 634 419 718 felda
434 638 614 717 nuncupata,
631 631 684 697 ubi
701 632 833 696 ecclesia
849 629 970 716 lapidea
984 633 1017 695 in
1032 632 1147 697 honore
1163 642 1270 701 sancte

76 741 217 805 trinitatis
244 744 294 805 est
315 745 499 813 constructa,
527 760 587 826 que
614 738 767 805 debonis
795 740 894 803 mariti
924 740 973 803 sui
1004 741 1214 827 suprascripti,
1239 752 1272 811 et

19 926 20 931 ἵ
77 848 209 933 propriis
226 851 295 911 sunt
310 854 490 931 comparate,
505 847 596 912 talem
612 848 840 912 ordinacionem
855 847 968 912 lenisse
985 852 1017 912 et
1030 867 1068 911 cx
1086 854 1167 924 uoto,
1190 854 1271 938 quod

76 955 269 1041 presentibus
285 956 453 1029 coufirmat,
466 954 592 1021 tirmiter
614 955 855 1027 observaturam,
864 955 1040 1040 promisisse
1056 962 1106 1021 est
1120 963 1270 1034 confessa,

18 1101 20 1149 3
76 1064 231 1137 videlicet,
248 1062 328 1149 quod
344 1065 371 1128 si
386 1064 451 1148 ipsa
468 1067 586 1127 mortua
603 1063 682 1128 lilius
698 1067 729 1127 et
745 1062 807 1127 lilia
823 1066 1062 1148 supeminerent,
1078 1071 1112 1129 et
1129 1086 1182 1130 eos
1198 1088 1271 1133 suc·

18 1202 20 1249 t
77 1192 167 1237 cessu
190 1178 361 1255 temporum
385 1171 499 1255 absque
527 1171 675 1236 heredum
699 1171 808 1235 solatio
830 1170 983 1235 decedere
1005 1176 1204 1257 contingeret,
1221 1183 1273 1241 aut

18 1250 20 1343 l
76 1285 176 1346 tractu
204 1280 350 1363 temporis
369 1298 566 1343 successores
588 1300 643 1343 seu
666 1279 799 1343 heredes
816 1277 993 1355 eorundem,
1008 1278 1063 1341 lilii
1078 1280 1223 1347 videlicet
1241 1291 1274 1349 at

17 1383 19 1473 3
77 1387 138 1453 solie
154 1389 312 1471 utriusque
335 1407 425 1451 sexus
448 1392 509 1451 tam
536 1386 574 1451 dc
597 1386 674 1451 linea
691 1386 833 1451 feminina
850 1405 938 1469 quam
954 1386 1128 1461 masculina,
1149 1410 1186 1453 ex
1200 1397 1273 1455 tunc

17 1508 19 1599 3
78 1496 158 1561 dicta
175 1496 333 1580 possessio
351 1493 450 1558 Vardo
464 1493 552 1558 simul
569 1514 636 1559 cum
664 1499 746 1557 terra
768 1494 982 1558 Damasafeldu
1000 1496 1173 1578 supradicta
1204 1519 1273 1563 cnm

17 1610 19 1635 ²
79 1603 217 1668 omnibus
240 1601 426 1685 adjacenciis
446 1606 478 1665 et
502 1600 686 1671 utilitatibus,
709 1601 899 1671 molendinis,
923 1603 1030 1675 uineis,
1047 1603 1145 1677 siluis,
1170 1626 1273 1671 nemo·

16 1640 19 1783 l
82 1712 178 1784 ribus,
191 1711 284 1795 pratis
301 1730 337 1775 ac
353 1716 441 1792 portu
458 1710 577 1774 nauium
602 1728 669 1773 cum
684 1706 781 1772 Naulo
806 1708 954 1791 adipeam
971 1710 1070 1775 villam
1087 1712 1184 1776 Vardo
1203 1735 1276 1797 per·

16 1794 18 1845 ⁵
78 1820 187 1885 tinenti
211 1823 242 1882 et
262 1818 328 1899 olijs
343 1818 540 1902 pertinenciis
564 1817 717 1888 omnibus,
739 1815 777 1879 ad
799 1816 882 1899 ipsas
899 1816 997 1880 Vardo
1014 1824 1047 1880 et
1063 1818 1274 1888 Damarateldu

15 1926 17 2007 ζ
79 1925 307 2011 quomodolibet
329 1925 538 2009 spectantibus
556 1944 592 1989 er
608 1929 689 1996 uoto,
707 1929 738 1987 et
765 1922 962 1989 ordinacione
982 1946 1061 1991 nunc
1076 1928 1166 2000 iacta,
1184 1931 1214 1991 in
1227 1931 1275 1995 ius

15 2010 16 2031 Χ
80 2042 111 2100 et
125 2036 344 2122 proprietatem
361 2038 492 2097 nostram
509 2031 742 2096 deuoluereotur
758 2032 825 2114 ipso
838 2031 928 2095 facto.
955 2031 990 2095 Si
1005 2038 1105 2097 autem
1121 2037 1275 2117 predictos

79 2142 173 2207 filium
203 2148 234 2207 ct
259 2141 349 2206 liliam
378 2160 444 2204 cum
472 2144 534 2203 tota
556 2141 735 2223 posteritate
760 2140 935 2210 eorundem,
958 2141 1056 2206 adhuc
1072 2144 1136 2226 ipsa
1156 2146 1277 2211 uiuente

79 2251 183 2316 dehita
197 2256 304 2315 nature
316 2250 436 2314 soluere
449 2248 649 2329 contingeret,
664 2252 695 2311 et
708 2248 842 2329 predicta
860 2248 977 2313 domina
986 2248 1149 2333 Elysahetb
1167 2274 1277 2336 super·

79 2362 211 2431 uiueret,
228 2380 264 2422 ex
284 2362 356 2423 tunc
380 2357 513 2440 prelatas
538 2355 751 2439 possessiones
779 2355 879 2420 Varda
906 2360 938 2419 et
968 2356 1182 2424 Damasafeldu
1211 2382 1277 2426 cum

81 2467 220 2532 omnibus
235 2465 413 2530 utilitatibus
430 2462 628 2549 pertinenoijs
645 2468 676 2525 et
691 2462 874 2527 adiacenciis
891 2464 1027 2546 pacifice,
1045 2473 1076 2528 et
1090 2470 1194 2550 quiete
1207 2468 1279 2532 ahs-

80 2596 141 2661 que
158 2575 287 2639 humano
302 2572 507 2657 inpedimento
529 2570 626 2634 libere
643 2568 827 2654 possidebit,
852 2572 1024 2636 relicturam
1040 2594 1076 2637 ac
1093 2574 1278 2651 donaturam,

80 2704 182 2768 ymmo
210 2683 399 2747 donationem
427 2701 463 2746 ex
489 2698 568 2744 nuno
590 2679 699 2742 factam
723 2678 845 2744 effectui
862 2682 1105 2764 mancipaturam.
1130 2683 1165 2746 Si
1181 2689 1279 2748 numm

80 2796 149 2878 ipsa
166 2791 286 2857 domina
301 2789 457 2855 Elisabeth
484 2786 629 2852 instinctu
647 2787 774 2869 speciali
801 2788 921 2852 scilicet
941 2788 1039 2853 dictas
1063 2793 1276 2873 possessiones

14 2892 15 2927 ³
81 2904 154 2967 uiua
170 2919 247 2966 uoce
264 2903 295 2963 et
312 2896 479 2963 uoluntarie
495 2886 652 2977 resignare
668 2894 809 2969 uoluerit,
825 2902 856 2959 et
866 2898 1015 2961 recedere
1030 2900 1069 2963 ab
1083 2900 1190 2964 iisdem
1205 2922 1280 2985 pos·

14 3058 16 3096 ,
82 3007 295 3079 sessionibus,
323 3026 359 3071 es
389 3011 461 3071 tono
479 3024 534 3071 nos
567 3003 779 3088 quinquaginta
809 3024 926 3070 marcas
955 3006 1007 3070 fini
1033 3010 1151 3090 argenti
1183 3010 1280 3075 eidem

82 3118 208 3183 domine
222 3116 323 3199 plens,
341 3121 372 3181 ct
390 3117 509 3196 integre
526 3113 599 3177 dane
616 3109 761 3176 dehemus
774 3116 807 3176 et
822 3118 970 3186 tenemur,
987 3135 1042 3198 pro
1057 3118 1210 3183 uoluntate
1227 3138 1281 3183 sua

14 3293 15 3303 ,
81 3223 322 3297 distribuendas,
335 3228 367 3288 et
383 3242 421 3287 ne
435 3222 467 3290 in
481 3222 543 3286 hoc
559 3238 632 3287 casu
647 3222 718 3283 uoto
735 3238 791 3283 suo
806 3240 938 3287 exnunc
954 3222 1103 3297 ordinato,
1120 3232 1153 3291 et
1172 3228 1283 3291 solem·

82 3335 186 3399 niuato
202 3331 320 3396 malicia
344 3331 494 3395 hominum
516 3331 614 3414 possit
634 3327 819 3412 aliquatenus
848 3330 985 3403 ohuiare,
1014 3350 1082 3396 curn
1104 3352 1193 3398 casus
1218 3335 1283 3399 tor-

14 3486 15 3495 *
82 3441 171 3513 tuiti,
203 3445 234 3505 et
254 3438 453 3524 inopinabiles
477 3437 645 3503 nullatcnus
670 3435 823 3520 provideri
855 3438 987 3521 possint,
1019 3439 1047 3502 si
1068 3441 1162 3525 ipsam
1185 3447 1284 3506 morto

14 3536 15 3627 ᾗ
83 3548 252 3635 improvisa
278 3549 409 3613 transire
431 3567 468 3612 ex
495 3546 554 3609 hoc
582 3546 684 3609 seculo
706 3544 880 3627 contingat,
904 3545 1002 3609 dictas
1023 3550 1236 3631 possessiones
1251 3549 1284 3613 in

82 3662 133 3727 ius
162 3663 194 3723 et
219 3657 434 3742 proprietatem
463 3656 530 3718 siue
547 3654 706 3718 dominium
732 3658 864 3716 nostrum
881 3672 917 3716 cx
934 3672 1012 3718 nunc
1029 3656 1092 3719 vult
1114 3657 1286 3735 hausferri,

84 3762 335 3832 contradiceinne
351 3760 512 3828 cuiuslibet
528 3781 587 3824 non
604 3760 752 3825 obstante.
779 3761 843 3823 lloc
860 3760 989 3842 adjecto,
1007 3763 1086 3847 qnod
1102 3784 1158 3829 nos
1176 3784 1284 3848 supra-

85 3877 187 3941 dictas
214 3871 428 3957 quinquaginta
457 3890 573 3935 marnas
602 3868 653 3932 tini
681 3870 798 3950 argenti
825 3888 881 3952 pro
897 3871 1033 3936 remedio
1050 3874 1147 3936 anime
1165 3873 1284 3939 comitis

85 3980 239 4047 llerbordi
254 3978 335 4043 bone
360 3979 504 4042 memorie
527 3976 626 4039 mariti
650 3978 717 4048 sui,
740 3981 771 4040 et
795 3996 860 4049 sue,
884 3998 942 4041 nec
964 3998 1022 4041 noo
1046 3984 1077 4042 et
1092 3978 1232 4053 filiorum,
1248 4001 1285 4045 ac

86 4090 163 4163 filie,
180 4108 235 4153 seu
250 4088 342 4154 totius
357 4085 546 4170 posteritatis
564 4082 748 4148 distribuere
764 4084 944 4156 tenebimur,
967 4085 1056 4150 nrodo
1072 4088 1285 4173 infrascriptos

85 4200 202 4263 Decem
224 4195 368 4260 videlicet
393 4214 520 4265 marcas,
542 4192 679 4255 dabimus
701 4192 845 4257 fratribus
866 4193 1118 4276 predicatoribus,
1140 4197 1283 4263 dedomo

86 4305 225 4377 Albensi,
242 4303 279 4367 ad
296 4320 373 4387 opus
389 4302 524 4366 ecclesie
540 4301 628 4364 beate
643 4300 770 4381 uirginis
792 4299 898 4363 decem
919 4300 1063 4366 iratribus
1087 4304 1285 4370 heremitanis

86 4416 187 4480 sancti
204 4410 332 4494 Augusti
348 4410 387 4473 de
403 4414 551 4473 conventu
567 4407 689 4471 Albensi
716 4408 754 4473 ad
775 4428 853 4491 opus
869 4408 1002 4475 ecclesie
1024 4414 1121 4476 sancti
1137 4413 1285 4497 Stephani

86 4520 348 4608 prothomartiris,
370 4518 500 4602 quinque
516 4535 633 4579 marcas
644 4515 788 4581 fratribus
801 4516 1043 4600 predicatoribus
1055 4519 1094 4583 dc
1107 4520 1232 4604 Cybioio
1248 4521 1287 4586 ad
