3150 5092
600 350 694 421 10

588 525 825 588 Domini
853 523 1107 589 Mccxl.
1148 524 1489 592 Venerabili
1515 529 1748 593 Joannc
1782 527 2192 608 Strigoniensi
2235 527 2727 610 archiepiscopo.
2773 528 2993 591 Reve-

590 634 782 697 rendo
842 633 1168 698 Bertholdo
1238 634 1563 700 Colocensi
1618 635 1852 707 electo,
1924 639 1986 698 et
2040 633 2194 697 bano
2251 633 2679 706 existentibus,
2744 632 2985 698 Calano

589 741 1297 826 Quinque-Ecclesiensi,
1339 744 1619 809 Boleslao
1655 744 1929 807 Vaciensi
1978 743 2315 829 (Catapano
2360 743 2655 824 Agriensi,
2717 743 2980 807 Simone

585 850 977 922 Varadiensi,
1041 850 1360 916 Desiderio
1426 852 1819 923 Cenadiensi,
1897 852 2218 917 Wilhelmo
2268 852 2720 923 Transilvano,
2768 849 2981 935 Fej.),

587 960 892 1024 Gothardo
926 959 1339 1040 Zagrabiensi,
1374 960 1552 1024 Petro
1583 960 1924 1031 Gevriensi,
1960 959 2224 1024 Roberto
2246 959 2734 1042 Wesprimiensi,
2770 959 2992 1023 eccle-

586 1068 706 1131 sias
738 1065 1001 1130 feliciter
1033 1065 1530 1145 gubernantibus,
1580 1066 1779 1132 Porth
1823 1067 2155 1153 palatino,
2208 1070 2270 1130 et
2316 1065 2683 1129 Musuniensi
2732 1066 2985 1137 comite,

585 1173 900 1239 Michaele
943 1174 1232 1258 vojvoda,
1281 1175 1712 1246 existentibus3
1765 1174 1941 1238 Petro
1988 1175 2330 1246 Bachiensi,
2373 1173 2507 1237 Jula
2539 1173 2985 1254 Budrugiensi,

586 1280 906 1345 Banchone
938 1280 1323 1354 Bithoriensi,
1386 1286 1446 1345 et
1479 1280 1690 1345 curiali
1738 1282 1957 1345 comite
1988 1282 2225 1362 regine,
2272 1278 2521 1344 Nicolao
2568 1280 2983 1344 Rosoviansi?

590 1389 988 1474 (Posoniensi
1020 1388 1152 1473 R),
1187 1391 1502 1454 comitatus
1535 1391 1904 1463 tenentibuS,
1937 1391 2115 1472 regni
2148 1393 2340 1454 nostri
2374 1410 2526 1453 anno
2562 1389 2686 1452 vn.

1729 1575 1835 1644 ΧΙ.

1454 1713 1619 1777 1212,
1660 1713 1745 1767 18.
1784 1713 1901 1768 Jan.
1940 1712 2113 1766 Rom.

767 1820 1183 1907 (Innocentius
1232 1820 1345 1884 ΡΡ.
1404 1821 1513 1905 ΙΙΙ)
1558 1822 1766 1887 Electo
1831 1827 1893 1886 et
1941 1823 2255 1907 preposito
2300 1820 2762 1888 ColocensibuS.
2803 1822 2985 1888 Sicut

586 1929 843 1994 dilectus
877 1928 1037 1992 filius
1079 1931 1368 2010 magister
1411 1930 1478 1993 R.
1527 1931 1702 1995 nobis
1752 1951 2052 2016 exponere
2084 1931 2452 2013 procurauit,
2518 1931 2876 1995 carissimus
2920 1933 2980 1994 in

587 2036 826 2113 Christo
875 2036 1032 2099 filius
1082 2040 1306 2110 noster,
1357 2038 1623 2119 Vngarie
1674 2060 1777 2103 rex
1811 2039 2087 2111 illustris,
2151 2038 2347 2121 ipsum
2403 2037 2478 2100 ad
2531 2040 2979 2121 preposituram

589 2146 785 2216 duxit,
851 2146 1141 2208 canonice
1184 2147 1678 2227 presentandum.
1741 2145 1960 2210 Verum
2010 2147 2146 2229 quia
2201 2146 2583 2228 prepositura
2640 2145 2859 2209 eadem
2905 2145 2977 2209 ad

586 2273 695 2315 nos
713 2251 775 2314 in
798 2251 1236 2337 spiritualibus,
1254 2253 1414 2316 nullo
1431 2255 1699 2335 pertinet
1725 2253 2044 2325 mediante;
2064 2252 2235 2315 nobis
2260 2253 2566 2317 humiliter
2590 2252 2976 2336 supplicauit‚

585 2364 649 2424 vt
671 2357 786 2422 sibi
817 2378 947 2421 eam
973 2361 1034 2423 in
1066 2359 1181 2431 his,
1215 2380 1332 2443 que
1367 2361 1439 2424 ad
1473 2381 1584 2424 nos
1616 2362 1939 2444 pertinent,
1958 2362 2390 2425 conferremus,
2416 2360 2539 2423 Nos
2569 2366 2791 2432 autem,
2819 2360 2978 2444 quod

582 2487 694 2551 per
725 2469 946 2531 dictum
974 2486 1184 2548 regem
1210 2469 1431 2531 factum
1465 2469 1757 2532 canonice
1781 2469 1998 2539 fuerat,
2020 2468 2457 2552 approbantes,
2493 2487 2606 2551 per
2638 2469 2977 2551 apostolica

587 2575 758 2639 vobis
793 2576 1023 2658 scripta
1067 2575 1451 2648 mandamus,
1496 2577 1772 2659 quatinus
1818 2577 2041 2641 dictum
2098 2576 2166 2639 R.
2221 2576 2279 2639 in
2333 2575 2543 2639 eadem
2593 2576 2976 2659 prepositura

583 2684 901 2748 instituere
965 2685 1325 2747 auctoritate
1387 2683 1720 2768 apostolica
1788 2685 2151 2768 procuretis.
2222 2683 2434 2747 Datum
2499 2685 2788 2748 Laterani
2848 2685 2973 2748 XV.

582 2789 868 2855 kalendas
902 2789 1239 2863 Februarii,
1272 2791 1658 2875 pontificatus
1695 2793 1884 2856 nostri
1916 2811 2066 2855 anno
2101 2796 2312 2875 quarto
2348 2791 2608 2855 decimo.

1705 2977 1842 3046 XII.

1697 3112 1857 3166 1212.

766 3222 832 3284 ln
896 3222 1131 3285 nomine
1184 3226 1395 3286 sancte
1464 3222 1786 3295 trinitatis,
1861 3224 1923 3284 et
1988 3221 2295 3285 individue
2348 3220 2612 3283 unitatis.
2681 3219 2975 3284 Andreas

587 3329 703 3392 Dei
751 3330 944 3411 gratia
999 3328 1333 3410 Hungarie,
1390 3329 1717 3402 Dalmatie‚
1775 3328 2047 3400 Croatie,
2104 3329 2324 3398 Rame.
2382 3326 2637 3398 Servie,
2696 3326 2975 3398 Gallicie,

586 3438 1075 3522 Lodomerieque
1124 3457 1232 3500 rex
1282 3438 1342 3500 in
1390 3443 1765 3522 perpetuum.
1816 3435 2137 3521 Amplioris
2192 3433 2553 3498 beneficium
2585 3433 2890 3499 libertatis
2945 3454 2974 3496 a

585 3546 759 3626 regia
803 3543 1171 3607 liberalitate
1206 3565 1476 3627 congrue
1512 3548 1819 3610 merentur
1850 3545 2197 3627 percipere,
2236 3543 2337 3627 qui
2373 3563 2440 3605 se
2486 3543 2659 3622 regie
2694 3563 2973 3606 mansve-

586 3653 776 3716 tudini
823 3655 1040 3734 sponte
1089 3669 1197 3714 sua
1244 3650 1595 3733 subjiciunt,
1641 3658 1703 3716 et
1743 3673 1995 3737 quorum
2039 3650 2212 3713 labor
2245 3669 2436 3730 regno
2472 3650 2876 3722 commodum,
2910 3655 2966 3712 et

587 3760 778 3824 oratio
843 3758 1085 3821 assidua
1147 3761 1250 3840 pie
1307 3760 1578 3824 creditur
1645 3762 1819 3824 vitam
1878 3765 2229 3842 perpetuam
2276 3755 2569 3820 obtinere.
2634 3754 2970 3820 Favorabili

586 3869 786 3951 itaque
836 3865 1137 3930 desiderio
1188 3868 1425 3951 fratris
1474 3868 1854 3933 The-odorici
1906 3867 2212 3950 cruciferi
2261 3864 2605 3951 hospitalis
2647 3863 2715 3927 S.
2762 3864 2965 3929 Maria

587 3976 666 4039 de
695 3973 970 4046 Acaron,
1006 3975 1166 4058 quod
1198 3973 1492 4058 quondam
1547 3977 1661 4038 fuit
1708 3976 1769 4038 in
1824 3975 2183 4045 Jerusalem,
2240 3973 2411 4051 regio
2459 3972 2665 4036 favore
2711 3970 2966 4035 condes-

589 4080 952 4152 cendentes,
1001 4080 1119 4143 sibi
1157 4087 1218 4144 et
1264 4081 1548 4145 fratribus
1596 4082 1941 4147 constitutis
1985 4083 2045 4145 in
2093 4087 2271 4145 terra
2312 4081 2488 4144 ultra
2517 4081 2767 4162 sylvas,
2803 4096 2964 4162 quam

588 4191 678 4252 eis
712 4189 787 4252 ad
825 4187 1284 4252 custodiendum
1321 4189 1641 4253 confinium
1675 4189 1757 4252 ibi
1792 4187 2184 4259 contulimus,
2232 4187 2447 4257 talem,
2493 4191 2553 4249 et
2576 4189 2802 4249 tantam
2830 4205 2963 4249 con-

589 4298 882 4361 cessimus
920 4296 1277 4370 libertatem,
1318 4296 1478 4382 quod
1497 4297 1695 4361 nullus
1713 4297 2224 4361 ministerialium
2246 4294 2299 4382 ¹)
2336 4293 2490 4358 ultra
2523 4293 2723 4377 sylvas
2752 4299 2959 4355 terram

613 4536 662 4597 1)
697 4538 1074 4582 Monetariorum.
1111 4537 1340 4593 Schuller,
1375 4538 1544 4583 Archiv
1577 4539 1614 4592 1,
1650 4537 1757 4583 218.
