3150 5092
16 365 19 464 ι

1219 340 1294 412 117

16 509 18 530 ’
97 519 202 579 vester
226 533 293 578 cum
315 514 423 578 eodem
443 513 616 578 testimonio
640 518 745 577 nostro
768 513 888 577 demum
916 514 955 578 ad
979 533 1035 576 nos
1052 533 1208 586 reuersus,
1225 534 1297 597 pre·
1380 553 1385 560 ·

15 687 16 706 ἶ
97 627 185 687 sente
208 623 316 686 eodem
333 623 420 688 nobis
443 623 598 687 recitauit:
624 621 710 702 Quod
736 622 943 687 accessissent
970 622 1135 686 adfaciem
1156 623 1297 706 predicte

15 809 16 816 ἵ
94 732 303 815 possessionis
316 731 444 795 Zaward
458 731 541 798 dicte
559 736 590 796 et
606 731 744 796 omnibus
760 731 869 795 vicinis
882 731 1018 812 ejusdem
1035 734 1066 794 et
1082 735 1295 796 commetaneis

96 841 230 912 vocatis,
253 844 284 904 et
304 840 499 923 presentibus
522 839 765 905 reambulassent
788 840 926 904 eamdem
943 859 1000 922 per
1016 844 1137 904 veteres
1153 844 1248 905 metas
1265 848 1297 906 et

15 1025 16 1028 Ἴ
93 949 178 1030 juxta
196 947 320 1011 easdem
336 967 428 1010 novas
445 951 541 1012 metas
558 948 744 1019 erexissent,
761 928 796 1010 et¹
808 947 846 1010 ab
861 947 1011 1012 uniuersis
1036 947 1144 1011 vicinis
1166 953 1198 1011 et
1213 969 1298 1013 com·

14 1071 15 1116 }
95 1057 246 1120 metaneis
264 1060 295 1119 et
310 1055 377 1120 aliis
389 1055 524 1138 cujusvis
541 1055 721 1120 conditionis
738 1055 909 1118 bominibus
925 1053 1005 1118 illius
1021 1055 1194 1128 districtus,
1219 1056 1297 1121 scita

14 1151 15 1198 3
96 1164 209 1230 exinde
230 1166 398 1228 omnimoda
426 1165 572 1237 veritate,
597 1165 677 1248 quod
704 1166 771 1249 ipsa
799 1165 904 1228 eadem
921 1164 1077 1247 possessio
1093 1166 1135 1228 sit
1150 1170 1181 1228 et
1202 1167 1295 1229 luerit

14 1267 15 1324 3
94 1271 284 1336 hereditaria
307 1273 495 1356 prelatorum
522 1272 645 1354 llegun,
670 1277 701 1336 et
723 1272 832 1354 Gogan
858 1271 939 1335 nullo
964 1271 1206 1346 contradictore,
1229 1291 1297 1337 cum

96 1381 237 1444 omnibus
255 1379 430 1443 rtilitatibus
447 1384 479 1443 et
493 1379 685 1462 pertinentiis
702 1381 783 1451 suis,
806 1379 887 1443 idem
902 1378 990 1442 bomo
1013 1383 1133 1452 vester,
1149 1384 1294 1464 presente

13 1547 15 1564 ,
97 1488 209 1552 eodem
224 1487 397 1551 testimonio
413 1490 517 1549 nostro
534 1488 683 1568 prefatam
706 1489 933 1570 possessionem
953 1488 1081 1552 Zarwad
1103 1487 1215 1552 dictam
1231 1494 1296 1552 sta·

13 1575 15 1592 ι
96 1595 208 1659 tuisset
225 1599 256 1659 et
272 1595 459 1677 assignasset
475 1596 648 1658 memoratis
661 1593 767 1675 Heguu
777 1598 816 1657 et
827 1593 946 1676 Gogan,
963 1600 1114 1659 eteorum
1135 1617 1297 1662 successo·

95 1704 200 1776 ribus,
217 1707 306 1786 prout
321 1704 456 1786 ipsorum
473 1701 702 1776 hereditariam,
726 1708 872 1786 perpetuo
883 1702 921 1765 'et
936 1702 1179 1768 irreuocabiliter
1194 1705 1296 1787 possi·

96 1811 236 1884 dendam,
249 1811 332 1892 juxta
349 1810 477 1874 mandati
493 1810 588 1874 vestri
599 1808 777 1890 jussionem.
802 1845 846 1858 -
867 1808 931 1873 Nos
947 1812 1049 1893 itaque
1066 1810 1295 1874 considerantes
1327 1815 1335 1827 ‘

12 1923 13 1946 ³
96 1916 369 1983 commendabilem
398 1917 573 1980 fidelitatem
602 1922 634 1980 et
660 1917 805 2002 obsequia
833 1917 968 2000 gratiosa
1001 1917 1134 2001 ipsorum
1175 1919 1293 1982 comitis

96 2027 207 2110 Heguu
237 2029 269 2089 et
297 2024 413 2108 Gogani
445 2023 576 2089 fidelium
601 2029 785 2097 nostrorum,
811 2024 918 2108 quibus
949 2026 1042 2089 iidem
1065 2045 1167 2089 coram
1191 2030 1296 2090 nostre

11 2149 12 2224 j
96 2134 264 2217 majestatis
281 2134 388 2206 oculis,
405 2139 437 2197 et
448 2131 578 2197 diuersis
590 2131 678 2215 regni
696 2131 793 2194 nostri
805 2133 1058 2215 expeditionibus,
1077 2139 1108 2196 et
1119 2134 1297 2217 specialiter

11 2239 12 2320 ᾗ
96 2245 127 2307 in
141 2244 278 2308 exercitu
294 2245 398 2306 nostro
415 2239 562 2322 generali,
580 2259 670 2325 quem
686 2244 793 2304 contra
808 2259 914 2322 regem
930 2239 1088 2305 babuimus
1107 2242 1296 2315 Boemmum,

97 2353 128 2414 in
154 2370 214 2436 quo
237 2350 316 2413 idem
333 2369 386 2412 rex
402 2348 498 2412 extitit
523 2348 734 2431 interemptus,
762 2351 938 2412 meruerunt
961 2348 1170 2432 complacere,
1199 2350 1295 2432 ipsam

11 2446 12 2510 Ῐ
97 2459 324 2543 possessionem
340 2456 477 2528 Zaward,
494 2459 584 2539 prout
600 2475 703 2519 eorum
720 2454 945 2529 hereditariam,
968 2457 1048 2520 sicut
1063 2477 1100 2521 ex
1115 2455 1294 2521 litteratoria

11 2557 12 2638 J
98 2567 248 2631 relatione
265 2565 339 2629 dicti
356 2564 478 2647 capituli
494 2563 652 2628 verissime
669 2583 771 2627 sumus
788 2563 964 2646 edocti,per
980 2566 1129 2648 prefatum
1141 2564 1293 2628 bominem

11 2743 12 2764 ἶ
98 2680 235 2740 nostrum
256 2675 288 2735 in
311 2673 463 2755 presentia
486 2672 560 2736 dicti
582 2671 747 2735 testimonii
767 2670 904 2752 ejusdem
924 2671 1047 2755 capituli
1063 2672 1180 2736 exstitit
1191 2672 1293 2753 assig-

98 2787 169 2847 nata
193 2783 259 2845 sine
281 2779 361 2845 omni
383 2779 640 2852 contradictione,
669 2799 705 2843 er
731 2783 834 2843 nostra
857 2778 942 2860 regia
965 2777 1153 2862 benignitate
1180 2778 1296 2842 eisdem

11 2961 12 2976 ἶ
98 2890 206 2972 llegun
237 2892 268 2952 et
294 2887 420 2971 Gogano
437 2891 469 2950 et
496 2907 601 2950 eorum
627 2886 858 2951 successoribus
879 2887 1084 2961 restituimus,
1107 2887 1295 2963 donauimus,

98 2997 338 3078 assignauimus,
358 2994 601 3059 confirmauimus
624 2998 655 3058 et
676 2993 854 3058 tradidimus
876 2994 965 3059 modo
981 2995 1130 3078 premisso
1147 2997 1295 3077 perpetuo

98 3112 130 3169 et
152 3101 394 3168 irrevocabiliter
417 3101 648 3185 possidendam,
673 3100 763 3184 pleno
782 3101 869 3182 jure,
895 3121 963 3165 cum
987 3103 1051 3165 suis
1069 3101 1247 3167 utilitatibus
1264 3106 1296 3163 et

99 3211 296 3297 pertinentiis
319 3211 477 3273 uniuersis.
501 3210 534 3272 ln
556 3211 643 3291 cujus
666 3211 709 3272 rei
730 3210 905 3272 memoriam
927 3208 1161 3293 firmitatemque
1182 3228 1297 3292 perpe·

99 3327 199 3394 tuam,
217 3325 378 3404 presentes
396 3320 602 3382 concessimus
619 3320 754 3390 litteras,
770 3317 900 3401 duplicis
916 3318 1007 3400 sigilli
1025 3319 1121 3382 nostri
1137 3318 1297 3382 munimine

99 3429 272 3494 roboratas.
291 3427 398 3492 Datum
414 3448 469 3511 per
485 3446 590 3490 manus
603 3425 729 3491 discreti
741 3426 799 3489 riri
815 3426 952 3508 magistri
967 3425 1098 3488 debonis
1111 3425 1178 3491 aule
1194 3429 1298 3488 nostre

100 3535 373 3609 viee-cancellarii,
388 3535 491 3600 dilecti
508 3539 539 3598 et
551 3534 649 3599 fidelis
666 3536 761 3599 nostri
778 3554 854 3597 anno
871 3533 984 3598 domini
999 3532 1158 3597 millesimo
1181 3535 1297 3599 ducen-

98 3647 221 3720 tesimo,
238 3644 462 3727 septuagesimo
479 3662 575 3717 nono;
592 3643 680 3725 regni
696 3646 796 3706 autem
812 3642 908 3705 nostri
924 3659 1001 3704 anno
1017 3646 1134 3704 octauo.

646 3827 754 3895 CXXI.

540 3945 619 4007 rato,
634 3945 677 3998 11.
690 3945 749 3998 un.
769 3945 861 3998 oren.

190 4058 254 4123 Nos
266 4058 424 4122 Ladislaus
441 4056 499 4120 Dei
516 4055 613 4139 gratia
630 4075 684 4118 rer
695 4055 868 4136 llungariae
889 4036 1032 4117 memorie
1051 4052 1295 4117 commendantes

101 4167 319 4254 significamus,
337 4164 446 4250 quibus
463 4162 585 4247 expedit
600 4167 706 4226 tenore
721 4161 908 4245 presentium
925 4161 1088 4233 uniuersis,
1111 4160 1191 4244 quod
1206 4163 1295 4225 Lau·

101 4277 225 4343 rectius
237 4275 333 4338 banus
347 4271 386 4336 de
398 4272 553 4343 leterico,
567 4269 646 4333 filius
664 4267 813 4352 quondam
825 4271 981 4332 Laurentii
992 4268 1155 4351 voywode,
1169 4267 1299 4330 dilectus

102 4393 132 4452 et
157 4384 259 4449 tidelis
278 4386 396 4456 noster,
427 4382 464 4445 ad
487 4385 619 4444 nostram
643 4377 795 4442 accedens
816 4378 1018 4460 presentiam,
1041 4397 1057 4439 a
1079 4375 1166 4440 nobis
1190 4376 1300 4460 petiuit

101 4494 257 4560 humiliter
279 4489 493 4573 supplicando,
517 4488 596 4572 quod
615 4486 761 4573 quandam
778 4484 1005 4570 possessionem
1023 4505 1106 4549 suam
1122 4483 1299 4548 Kendtelub
