3150 5092
1202 333 1276 406 173

13 531 17 554 ·-
101 510 221 593 adipisci
245 512 378 591 graciam
406 515 584 575 mereantur.
616 510 722 574 Datum
744 508 828 572 Bude
849 509 879 571 in
900 507 1055 592 quindenis
1075 509 1280 582 Pentecostes‚

17 621 21 654 ²
99 620 124 682 in
141 621 361 684 convocacionc
377 620 488 684 domini
505 619 588 700 regis
605 617 757 702 Hungarie
772 617 916 700 generali.

610 805 759 877 CLXXV.

568 943 647 1004 1291,
668 943 711 998 28.
736 943 799 997 Juli.

183 1036 246 1100 Nos
263 1013 397 1102 duda-cas
414 1036 464 1100 dei
488 1037 592 1119 gracia
608 1056 661 1099 rex
682 1035 845 1116 Hungarie.
870 1035 1014 1100 blemorie
1036 1036 1277 1101 commendantes

95 1145 297 1227 significamus
315 1146 423 1232 quibus
440 1145 560 1229 expedit
576 1145 733 1217 universis,
755 1144 836 1229 qnod
852 1146 995 1226 magister
1014 1145 1118 1208 Heucb
1133 1143 1278 1229 plebanus

97 1254 133 1319 de
150 1255 274 1320 Wrasio
291 1262 323 1321 et
337 1254 483 1338 magister
498 1254 606 1319 Petrus
624 1254 755 1319 decanus
776 1252 917 1316 Albeceia
933 1253 1064 1318 ecclesie
1081 1254 1279 1317 Transilvane

13 1415 22 1450 a
93 1362 129 1426 ad
145 1369 279 1428 nostram
296 1363 478 1428 accedentes
495 1365 683 1447 presenciam
701 1361 899 1426 exbibuerunt
925 1359 1012 1425 uobis
1028 1362 1143 1426 litteras
1160 1363 1277 1426 comitis

16 1488 22 1560 ς
92 1471 251 1537 Benedicti
266 1471 488 1557 vicevoyovude
514 1471 719 1536 Transsilvani
740 1491 832 1554 super
852 1470 932 1535 factu
953 1476 1036 1535 terre
1051 1472 1279 1537 Juunlcatclrke

17 1601 20 1654 ᾔ,
91 1585 200 1646 vocate
217 1582 386 1646 coniectum
409 1585 547 1664 petentes
574 1601 591 1644 o
618 1579 704 1644 nobis
720 1579 786 1644 vice
804 1583 835 1644 et
850 1579 968 1642 nominc
985 1579 1106 1663 capituli
1127 1579 1277 1653 Albensis‚

17 1723 18 1726 ¹
90 1688 226 1753 ecclesie
252 1688 462 1753 Traussilrane
482 1688 630 1772 predicte,
658 1708 723 1752 curn
747 1688 899 1759 instantia,
926 1690 959 1749 nt
973 1687 1070 1770 ipsum
1086 1686 1277 1772 priuilegium

89 1802 188 1862 ratum
216 1797 329 1862 habere
353 1803 384 1862 et
412 1800 523 1862 nostris
548 1798 738 1878 dignaremur
760 1795 930 1880 patentibus
956 1795 1065 1860 litteris
1088 1795 1275 1862 confirmare.

14 1977 18 1982 ⁴
88 1904 181 1972 cuius
198 1911 286 1970 tenor·
301 1907 369 1971 talis
384 1913 441 1972 est.
459 1905 570 1994 (Siebe
584 1904 656 1968 Url.
673 1905 725 1969 Nr.
743 1904 905 1991 unxxu.)

16 2019 17 2102 J
184 2013 247 2078 Nos
267 2017 369 2100 itaque
386 2015 587 2098 peticionibus
604 2014 750 2080 dictorum
767 2034 806 2077 m.
823 2013 928 2078 Hench
943 2013 1074 2098 plebani,
1090 2020 1122 2078 et
1137 2014 1274 2095 magistri

17 2102 22 2243 p
90 2123 176 2186 Petri
192 2123 299 2188 decani
318 2124 455 2188 albensis
471 2124 603 2188 ecclesie
619 2124 843 2196 Transsilvane‚
855 2123 971 2187 nomine
990 2122 1123 2186 ciusdem
1139 2122 1277 2186 Albensis

13 2268 22 2308 a
91 2233 227 2296 ecclesie
255 2234 378 2317 capituli
405 2234 568 2316 petentium
591 2232 794 2297 incurabiliter
814 2231 959 2303 inclinati,
984 2233 1070 2314 regio
1087 2253 1152 2296 cum
1174 2233 1276 2297 favore

14 2379 20 2418 2
91 2341 261 2424 predictum
288 2341 479 2425 priuilegium
512 2342 629 2406 comitis
645 2341 803 2405 Benedicti
825 2341 1047 2426 vicevoyouode
1062 2340 1277 2415 Traussilvani‚

15 2469 22 2541 l
91 2450 179 2514 nobis
204 2450 383 2524 exhibitum,
416 2470 473 2514 non
497 2450 708 2522 cancellatum,
736 2471 796 2514 non
814 2448 967 2524 abrasum,
997 2471 1054 2514 uec
1070 2451 1098 2514 in
1116 2451 1215 2536 aliqua
1231 2450 1277 2513 sni

15 2577 19 2650 ς
87 2565 175 2644 parte
199 2560 354 2632 viciatum,
382 2559 421 2623 de
444 2559 538 2624 uerbo
566 2559 603 2624 ad
620 2559 743 2624 uerbum
771 2556 962 2642 presentibus
989 2559 1145 2630 insertum,
1161 2560 1274 2623 nostris

14 2742 18 2756 ᾳ
87 2668 262 2751 patentibus
292 2668 399 2732 litteris
423 2668 558 2732 duximus
583 2667 826 2732 confirmandum.
862 2667 969 2730 Datum
996 2667 1027 2730 in
1051 2668 1169 2732 dustria
1192 2667 1275 2749 juxta

14 2777 16 2852 l
86 2781 219 2842 castrum
232 2775 348 2840 Woller
372 2776 497 2841 sabbato
513 2776 647 2860 proximu
663 2781 731 2859 post
748 2781 870 2840 octavas
888 2775 986 2840 sancti
1007 2775 1113 2841 Jaccbi
1136 2776 1274 2860 apostoli,

14 2881 16 2948 l
86 2906 163 2950 annu
183 2884 293 2950 domini
311 2885 443 2950 bl⁰.CC⁰.
461 2887 653 2968 nonagesimo
670 2884 766 2970 primu
777 2883 816 2969 1).

601 3072 763 3145 CLXXVI.

642 3210 720 3264 1291.

13 3395 15 3418 ί
177 3320 312 3384 Andreas
337 3321 386 3384 dei
409 3322 506 3402 gratia
527 3323 689 3402 Hungarie,
712 3320 868 3394 Dalmatio,
889 3319 1017 3394 Oroatis,
1033 3322 1135 3395 Ranae,
1153 3322 1270 3395 Serme,

86 3429 223 3501 Gallicis,
239 3428 426 3502 Ludumerie‚
444 3427 594 3502 Cumanis,
605 3429 805 3514 Balgarieque
822 3450 885 3494 rex.
911 3427 1053 3494 Omnibus
1066 3429 1178 3495 Christi
1194 3431 1272 3496 bde-

13 3521 15 3550 ἶ
85 3539 165 3604 libus
183 3543 355 3622 presentem
376 3539 515 3623 paginam
531 3540 730 3623 inspecturis,
753 3538 879 3604 salutem
902 3541 931 3603 in
956 3542 1083 3604 omnium
1110 3543 1268 3606 salvatore.

86 3649 212 3731 Regiam
229 3647 317 3712 decet
333 3648 522 3730 majestatem
538 3669 692 3713 numerum
709 3649 858 3731 bospitum
875 3648 933 3713 sibi
948 3649 1149 3713 famulantium
1166 3651 1271 3736 ampli-

13 3735 15 3824 ἶ
89 3779 149 3830 are.
169 3761 200 3819 et
215 3756 397 3841 pauperibus
406 3757 447 3842 2),
466 3763 494 3820 et
511 3758 612 3841 inopie
621 3757 650 3844 ³)
667 3758 839 3831 subvenire,
859 3763 891 3821 nt
907 3759 996 3822 iidem
1011 3780 1026 3822 a
1039 3761 1269 3826 necessitatibus

13 3849 14 3858 ἶ
85 3865 218 3951 ipsorum
247 3863 379 3929 alleviati
400 3865 526 3929 naturali
559 3865 676 3930 domino
705 3866 870 3932 ferventius
895 3871 926 3930 et
957 3869 1122 3952 expeditius
1151 3871 1271 3934 soleant

13 3963 14 3966 ¹
86 3974 249 4038 deservire.
263 3974 391 4038 Proinde
408 3975 445 4038 ad
458 3975 664 4040 universorum
682 3978 927 4040 notitiamtenure
939 3978 1122 4059 presentium
1135 3981 1269 4044 volumus

13 4139 14 4144 ,
86 4085 257 4168 pervenire.
274 4082 360 4165 Quod
374 4082 541 4167 hospitibus
559 4085 668 4148 nostris
685 4085 723 4148 de
740 4085 974 4159 Tbordudlrnu,
987 4087 1037 4172 qui
1050 4087 1145 4150 omnia
1157 4089 1268 4153 instru-

86 4200 185 4257 menta
201 4195 333 4276 ipsorum
350 4213 442 4279 super
458 4198 537 4257 statu
553 4191 701 4270 libertatis
718 4213 820 4259 eorum
837 4196 973 4261 contecta
989 4198 1019 4259 in
1044 4201 1145 4261 castro
1169 4197 1268 4263 blilrud

91 4319 413 4334 m—

119 4382 143 4443 1)
160 4377 262 4440 Kemtny
279 4381 335 4427 liest
347 4382 437 4440 primo;
454 4381 477 4427 in
494 4384 536 4428 der
552 4381 662 4429 Urkundc
679 4381 753 4428 selbst
768 4380 801 4428 ist
816 4382 858 4428 das
875 4385 944 4430 Wort
959 4384 1023 4431 nieht
1039 4399 1067 4430 zu
1082 4387 1156 4432 lesen·

117 4463 142 4525 ²)
161 4464 369 4523 „Paupertatibus“
386 4459 462 4520 Fejdr.

118 4545 143 4607 ³)
161 4545 256 4604 „inopie
272 4546 390 4605 ipsornm“
407 4540 484 4602 FeJ'dr.
