<?xml version="1.0" encoding="UTF-8"?>
<!DOCTYPE html PUBLIC "-//W3C//DTD XHTML 1.0 Transitional//EN"
    "http://www.w3.org/TR/xhtml1/DTD/xhtml1-transitional.dtd">
<html xmlns="http://www.w3.org/1999/xhtml" xml:lang="en" lang="en">
 <head>
  <title>
</title>
<meta http-equiv="Content-Type" content="text/html;charset=utf-8" />
  <meta name='ocr-system' content='tesseract 3.04.00' />
  <meta name='ocr-capabilities' content='ocr_page ocr_carea ocr_par ocr_line ocrx_word'/>
</head>
<body>
  <div class='ocr_page' id='page_1' title='image "./fontesrerumaust26kommgoog_0220.png"; bbox 0 0 3150 5092; ppageno 0'>
   <div class='ocr_carea' id='block_1_1' title="bbox 315 337 388 410">
    <p class='ocr_par' dir='ltr' id='par_1_1' title="bbox 315 337 388 410">
     <span class='ocr_line' id='line_1_1' title="bbox 315 337 388 410; baseline 0 -1"><span class='ocrx_word' id='word_1_1' title='bbox 315 337 388 410; x_wconf 79' lang='grc'><strong>126</strong></span> 
     </span>
    </p>
   </div>
   <div class='ocr_carea' id='block_1_2' title="bbox 307 505 1501 594">
    <p class='ocr_par' dir='ltr' id='par_1_2' title="bbox 307 505 1501 594">
     <span class='ocr_line' id='line_1_2' title="bbox 307 505 1501 594; baseline -0.008 -20"><span class='ocrx_word' id='word_1_2' title='bbox 307 513 486 594; x_wconf 82' lang='lat' dir='ltr'><strong>conperto,</strong></span> <span class='ocrx_word' id='word_1_3' title='bbox 516 509 663 573; x_wconf 91' lang='lat' dir='ltr'><strong>llenricus</strong></span> <span class='ocrx_word' id='word_1_4' title='bbox 691 507 769 572; x_wconf 87' lang='lat' dir='ltr'><strong>filius</strong></span> <span class='ocrx_word' id='word_1_5' title='bbox 793 508 975 591; x_wconf 82' lang='lat' dir='ltr'><strong>llumpolth,</strong></span> <span class='ocrx_word' id='word_1_6' title='bbox 998 509 1143 571; x_wconf 76' lang='lat' dir='ltr'><strong>Antonius</strong></span> <span class='ocrx_word' id='word_1_7' title='bbox 1164 506 1246 569; x_wconf 89' lang='lat' dir='ltr'><strong>lilius</strong></span> <span class='ocrx_word' id='word_1_8' title='bbox 1271 505 1447 577; x_wconf 82' lang='lat' dir='ltr'><strong>Laurentii,</strong></span> <span class='ocrx_word' id='word_1_9' title='bbox 1471 509 1501 566; x_wconf 92' lang='lat' dir='ltr'><strong>et</strong></span> 
     </span>
    </p>
   </div>
   <div class='ocr_carea' id='block_1_3' title="bbox 306 613 1569 915">
    <p class='ocr_par' dir='ltr' id='par_1_3' title="bbox 306 613 1569 915">
     <span class='ocr_line' id='line_1_3' title="bbox 306 613 1504 698; baseline -0.006 -18"><span class='ocrx_word' id='word_1_10' title='bbox 306 618 438 681; x_wconf 82' lang='lat' dir='ltr'>Thomas</span> <span class='ocrx_word' id='word_1_11' title='bbox 463 616 542 680; x_wconf 85' lang='lat' dir='ltr'><strong>lilius</strong></span> <span class='ocrx_word' id='word_1_12' title='bbox 566 615 709 698; x_wconf 83' lang='lat' dir='ltr'><strong>Olyrerei</strong></span> <span class='ocrx_word' id='word_1_13' title='bbox 732 621 946 698; x_wconf 81' lang='lat' dir='ltr'>procuratores</span> <span class='ocrx_word' id='word_1_14' title='bbox 967 614 1102 696; x_wconf 87' lang='lat' dir='ltr'><strong>ejusdem</strong></span> <span class='ocrx_word' id='word_1_15' title='bbox 1121 615 1232 677; x_wconf 90' lang='lat' dir='ltr'><strong>domini</strong></span> <span class='ocrx_word' id='word_1_16' title='bbox 1249 613 1390 696; x_wconf 76' lang='lat' dir='ltr'><strong>episcopi</strong></span> <span class='ocrx_word' id='word_1_17' title='bbox 1406 613 1504 674; x_wconf 84' lang='lat' dir='ltr'><strong>Tran·</strong></span> 
     </span>
     <span class='ocr_line' id='line_1_4' title="bbox 307 719 1569 816; baseline -0.009 -28"><span class='ocrx_word' id='word_1_18' title='bbox 307 725 414 788; x_wconf 86' lang='lat' dir='ltr'><strong>silvani</strong></span> <span class='ocrx_word' id='word_1_19' title='bbox 443 744 496 808; x_wconf 91' lang='lat' dir='ltr'><strong>pro</strong></span> <span class='ocrx_word' id='word_1_20' title='bbox 520 723 625 788; x_wconf 91' lang='lat' dir='ltr'><strong>eodem</strong></span> <span class='ocrx_word' id='word_1_21' title='bbox 654 723 773 787; x_wconf 92' lang='lat' dir='ltr'><strong>domino</strong></span> <span class='ocrx_word' id='word_1_22' title='bbox 798 721 959 805; x_wconf 91' lang='lat' dir='ltr'><strong>episcopo,</strong></span> <span class='ocrx_word' id='word_1_23' title='bbox 989 728 1019 784; x_wconf 91' lang='lat' dir='ltr'><strong>et</strong></span> <span class='ocrx_word' id='word_1_24' title='bbox 1046 720 1236 784; x_wconf 89' lang='lat' dir='ltr'><strong>evidentibus</strong></span> <span class='ocrx_word' id='word_1_25' title='bbox 1265 720 1363 782; x_wconf 88' lang='lat' dir='ltr'><strong>literis</strong></span> <span class='ocrx_word' id='word_1_26' title='bbox 1388 719 1453 782; x_wconf 93' lang='lat' dir='ltr'><strong>suis</strong></span> <span class='ocrx_word' id='word_1_27' title='bbox 1469 736 1504 779; x_wconf 89' lang='lat' dir='ltr'><strong>ex</strong></span> <span class='ocrx_word' id='word_1_28' title='bbox 1567 737 1569 816; x_wconf 46' lang='grc' dir='ltr'><strong><em>ζ</em></strong></span> 
     </span>
     <span class='ocr_line' id='line_1_5' title="bbox 306 825 1569 915; baseline -0.008 -19"><span class='ocrx_word' id='word_1_29' title='bbox 306 834 399 898; x_wconf 87' lang='lat' dir='ltr'><strong>altera</strong></span> <span class='ocrx_word' id='word_1_30' title='bbox 416 834 446 895; x_wconf 89' lang='lat' dir='ltr'><strong>in</strong></span> <span class='ocrx_word' id='word_1_31' title='bbox 460 831 597 915; x_wconf 89' lang='lat' dir='ltr'><strong>personis</strong></span> <span class='ocrx_word' id='word_1_32' title='bbox 622 830 769 914; x_wconf 89' lang='lat' dir='ltr'><strong>propriis,</strong></span> <span class='ocrx_word' id='word_1_33' title='bbox 794 849 861 893; x_wconf 90' lang='lat' dir='ltr'><strong>cum</strong></span> <span class='ocrx_word' id='word_1_34' title='bbox 880 827 1031 911; x_wconf 83' lang='lat' dir='ltr'><strong>pugilibus</strong></span> <span class='ocrx_word' id='word_1_35' title='bbox 1048 848 1151 891; x_wconf 89' lang='lat' dir='ltr'><strong>corum</strong></span> <span class='ocrx_word' id='word_1_36' title='bbox 1172 833 1205 890; x_wconf 90' lang='lat' dir='ltr'><strong>ut</strong></span> <span class='ocrx_word' id='word_1_37' title='bbox 1225 825 1382 890; x_wconf 92' lang='lat' dir='ltr'><strong>debebant</strong></span> <span class='ocrx_word' id='word_1_38' title='bbox 1403 843 1504 888; x_wconf 85' lang='lat' dir='ltr'><strong>coram</strong></span> <span class='ocrx_word' id='word_1_39' title='bbox 1567 858 1569 906; x_wconf 83' lang='lat'><em>÷</em></span> 
     </span>
    </p>
   </div>
   <div class='ocr_carea' id='block_1_4' title="bbox 304 932 1503 1126">
    <p class='ocr_par' dir='ltr' id='par_1_4' title="bbox 304 932 1503 1126">
     <span class='ocr_line' id='line_1_6' title="bbox 304 932 1503 1021; baseline -0.007 -19"><span class='ocrx_word' id='word_1_40' title='bbox 304 940 421 1004; x_wconf 91' lang='lat' dir='ltr'><strong>domino</strong></span> <span class='ocrx_word' id='word_1_41' title='bbox 438 959 512 1020; x_wconf 87' lang='lat' dir='ltr'><strong>rege</strong></span> <span class='ocrx_word' id='word_1_42' title='bbox 529 941 777 1021; x_wconf 87' lang='lat' dir='ltr'><strong>comparuerunt,</strong></span> <span class='ocrx_word' id='word_1_43' title='bbox 800 942 832 1000; x_wconf 88' lang='lat' dir='ltr'><strong>et</strong></span> <span class='ocrx_word' id='word_1_44' title='bbox 846 954 1023 1018; x_wconf 86' lang='lat' dir='ltr'><strong>quamquam</strong></span> <span class='ocrx_word' id='word_1_45' title='bbox 1042 935 1161 1018; x_wconf 79' lang='lat' dir='ltr'><strong>pugiles</strong></span> <span class='ocrx_word' id='word_1_46' title='bbox 1178 935 1271 1017; x_wconf 89' lang='lat' dir='ltr'><strong>partis</strong></span> <span class='ocrx_word' id='word_1_47' title='bbox 1288 934 1452 1015; x_wconf 85' lang='lat' dir='ltr'><strong>utriusque</strong></span> <span class='ocrx_word' id='word_1_48' title='bbox 1474 932 1503 994; x_wconf 94' lang='lat' dir='ltr'><strong>in</strong></span> 
     </span>
     <span class='ocr_line' id='line_1_7' title="bbox 306 1041 1503 1126; baseline -0.007 -17"><span class='ocrx_word' id='word_1_49' title='bbox 306 1067 377 1110; x_wconf 91' lang='lat' dir='ltr'><strong>area</strong></span> <span class='ocrx_word' id='word_1_50' title='bbox 394 1043 488 1108; x_wconf 78' lang='lat' dir='ltr'><strong>duelli</strong></span> <span class='ocrx_word' id='word_1_51' title='bbox 503 1044 668 1106; x_wconf 85' lang='lat' dir='ltr'><strong>coinvicem</strong></span> <span class='ocrx_word' id='word_1_52' title='bbox 691 1043 802 1105; x_wconf 90' lang='lat' dir='ltr'><strong>dieitur</strong></span> <span class='ocrx_word' id='word_1_53' title='bbox 814 1042 1025 1115; x_wconf 80' lang='lat' dir='ltr'><strong>dimicassent,</strong></span> <span class='ocrx_word' id='word_1_54' title='bbox 1049 1043 1241 1126; x_wconf 91' lang='lat' dir='ltr'><strong>postmodum</strong></span> <span class='ocrx_word' id='word_1_55' title='bbox 1259 1048 1363 1104; x_wconf 90' lang='lat' dir='ltr'><strong>tamen</strong></span> <span class='ocrx_word' id='word_1_56' title='bbox 1375 1041 1416 1103; x_wconf 91' lang='lat' dir='ltr'><strong>de</strong></span> <span class='ocrx_word' id='word_1_57' title='bbox 1431 1060 1503 1123; x_wconf 91' lang='lat' dir='ltr'><strong>per·</strong></span> 
     </span>
    </p>
   </div>
   <div class='ocr_carea' id='block_1_5' title="bbox 304 1149 1569 1554">
    <p class='ocr_par' dir='ltr' id='par_1_5' title="bbox 304 1149 1569 1554">
     <span class='ocr_line' id='line_1_8' title="bbox 306 1149 1504 1234; baseline -0.002 -18"><span class='ocrx_word' id='word_1_58' title='bbox 306 1153 449 1216; x_wconf 83' lang='lat' dir='ltr'><strong>missione</strong></span> <span class='ocrx_word' id='word_1_59' title='bbox 465 1151 577 1214; x_wconf 90' lang='lat' dir='ltr'><strong>domini</strong></span> <span class='ocrx_word' id='word_1_60' title='bbox 593 1153 676 1231; x_wconf 89' lang='lat' dir='ltr'><strong>regis</strong></span> <span class='ocrx_word' id='word_1_61' title='bbox 694 1155 724 1212; x_wconf 90' lang='grc'><strong>11</strong></span> <span class='ocrx_word' id='word_1_62' title='bbox 745 1150 917 1234; x_wconf 64' lang='grc'><strong>1111111111)</strong></span> <span class='ocrx_word' id='word_1_63' title='bbox 934 1171 990 1232; x_wconf 91' lang='lat' dir='ltr'><strong>per</strong></span> <span class='ocrx_word' id='word_1_64' title='bbox 1010 1151 1168 1213; x_wconf 83' lang='lat' dir='ltr'><strong>arbitrium</strong></span> <span class='ocrx_word' id='word_1_65' title='bbox 1184 1149 1332 1212; x_wconf 90' lang='lat' dir='ltr'><strong>baronum</strong></span> <span class='ocrx_word' id='word_1_66' title='bbox 1349 1150 1458 1230; x_wconf 89' lang='lat' dir='ltr'><strong>regni,</strong></span> <span class='ocrx_word' id='word_1_67' title='bbox 1473 1151 1504 1209; x_wconf 91' lang='lat' dir='ltr'><strong>et</strong></span> 
     </span>
     <span class='ocr_line' id='line_1_9' title="bbox 305 1255 1569 1340; baseline -0.006 -19"><span class='ocrx_word' id='word_1_68' title='bbox 305 1259 422 1340; x_wconf 87' lang='lat' dir='ltr'><strong>regine,</strong></span> <span class='ocrx_word' id='word_1_69' title='bbox 437 1258 487 1340; x_wconf 89' lang='lat' dir='ltr'><strong>qui</strong></span> <span class='ocrx_word' id='word_1_70' title='bbox 503 1263 573 1321; x_wconf 91' lang='lat' dir='ltr'><strong>tune</strong></span> <span class='ocrx_word' id='word_1_71' title='bbox 591 1256 664 1318; x_wconf 92' lang='lat' dir='ltr'><strong>inibi</strong></span> <span class='ocrx_word' id='word_1_72' title='bbox 680 1256 884 1338; x_wconf 77' lang='lat' dir='ltr'><strong>personaliter</strong></span> <span class='ocrx_word' id='word_1_73' title='bbox 899 1256 1036 1332; x_wconf 89' lang='lat' dir='ltr'><strong>aderant,</strong></span> <span class='ocrx_word' id='word_1_74' title='bbox 1050 1261 1191 1320; x_wconf 77' lang='lat' dir='ltr'><strong>reuocato</strong></span> <span class='ocrx_word' id='word_1_75' title='bbox 1207 1257 1274 1340; x_wconf 91' lang='lat' dir='ltr'><strong>ipso</strong></span> <span class='ocrx_word' id='word_1_76' title='bbox 1286 1255 1390 1318; x_wconf 91' lang='lat' dir='ltr'><strong>duello</strong></span> <span class='ocrx_word' id='word_1_77' title='bbox 1403 1255 1502 1316; x_wconf 87' lang='lat' dir='ltr'><strong>taliter</strong></span> <span class='ocrx_word' id='word_1_78' title='bbox 1567 1285 1569 1288; x_wconf 40' lang='lat'><em>⁴</em></span> 
     </span>
     <span class='ocr_line' id='line_1_10' title="bbox 305 1361 1502 1448; baseline -0.008 -18"><span class='ocrx_word' id='word_1_79' title='bbox 305 1364 537 1436; x_wconf 90' lang='lat' dir='ltr'><strong>concordarunt,</strong></span> <span class='ocrx_word' id='word_1_80' title='bbox 555 1364 635 1448; x_wconf 91' lang='lat' dir='ltr'><strong>quod</strong></span> <span class='ocrx_word' id='word_1_81' title='bbox 650 1363 730 1428; x_wconf 93' lang='lat' dir='ltr'><strong>idem</strong></span> <span class='ocrx_word' id='word_1_82' title='bbox 746 1384 848 1428; x_wconf 88' lang='lat' dir='ltr'><strong>comes</strong></span> <span class='ocrx_word' id='word_1_83' title='bbox 862 1364 1035 1446; x_wconf 88' lang='lat' dir='ltr'><strong>Stephanus</strong></span> <span class='ocrx_word' id='word_1_84' title='bbox 1047 1363 1127 1427; x_wconf 88' lang='lat' dir='ltr'><strong>filius</strong></span> <span class='ocrx_word' id='word_1_85' title='bbox 1138 1363 1205 1427; x_wconf 80' lang='lat' dir='ltr'><strong>Filo</strong></span> <span class='ocrx_word' id='word_1_86' title='bbox 1217 1364 1288 1427; x_wconf 92' lang='lat' dir='ltr'><strong>bani</strong></span> <span class='ocrx_word' id='word_1_87' title='bbox 1301 1361 1502 1444; x_wconf 91' lang='lat' dir='ltr'><strong>personaliter</strong></span> 
     </span>
     <span class='ocr_line' id='line_1_11' title="bbox 304 1471 1503 1554; baseline -0.006 -19"><span class='ocrx_word' id='word_1_88' title='bbox 304 1472 450 1536; x_wconf 90' lang='lat' dir='ltr'><strong>adstando</strong></span> <span class='ocrx_word' id='word_1_89' title='bbox 474 1491 574 1534; x_wconf 91' lang='lat' dir='ltr'><strong>coram</strong></span> <span class='ocrx_word' id='word_1_90' title='bbox 597 1471 685 1534; x_wconf 92' lang='lat' dir='ltr'><strong>nobis</strong></span> <span class='ocrx_word' id='word_1_91' title='bbox 710 1471 877 1554; x_wconf 87' lang='lat' dir='ltr'><strong>predictam</strong></span> <span class='ocrx_word' id='word_1_92' title='bbox 894 1479 1006 1534; x_wconf 89' lang='lat' dir='ltr'><strong>terram</strong></span> <span class='ocrx_word' id='word_1_93' title='bbox 1028 1471 1066 1534; x_wconf 94' lang='lat' dir='ltr'><strong>ad</strong></span> <span class='ocrx_word' id='word_1_94' title='bbox 1088 1491 1173 1535; x_wconf 91' lang='lat' dir='ltr'><strong>usum</strong></span> <span class='ocrx_word' id='word_1_95' title='bbox 1192 1472 1317 1533; x_wconf 90' lang='lat' dir='ltr'><strong>duorum</strong></span> <span class='ocrx_word' id='word_1_96' title='bbox 1335 1474 1503 1531; x_wconf 87' lang='lat' dir='ltr'><strong>aratrorum</strong></span> 
     </span>
    </p>
   </div>
   <div class='ocr_carea' id='block_1_6' title="bbox 305 1577 1503 1771">
    <p class='ocr_par' dir='ltr' id='par_1_6' title="bbox 305 1577 1503 1771">
     <span class='ocr_line' id='line_1_12' title="bbox 305 1577 1503 1664; baseline -0.007 -20"><span class='ocrx_word' id='word_1_97' title='bbox 305 1586 336 1644; x_wconf 90' lang='lat' dir='ltr'><strong>et</strong></span> <span class='ocrx_word' id='word_1_98' title='bbox 352 1579 467 1642; x_wconf 92' lang='lat' dir='ltr'><strong>dimidii</strong></span> <span class='ocrx_word' id='word_1_99' title='bbox 482 1578 699 1650; x_wconf 85' lang='lat' dir='ltr'><strong>sufficientem,</strong></span> <span class='ocrx_word' id='word_1_100' title='bbox 723 1599 812 1664; x_wconf 87' lang='lat' dir='ltr'><strong>quam</strong></span> <span class='ocrx_word' id='word_1_101' title='bbox 828 1578 866 1642; x_wconf 93' lang='lat' dir='ltr'><strong>ad</strong></span> <span class='ocrx_word' id='word_1_102' title='bbox 882 1579 980 1664; x_wconf 90' lang='lat' dir='ltr'><strong>ipsam</strong></span> <span class='ocrx_word' id='word_1_103' title='bbox 995 1583 1109 1643; x_wconf 91' lang='lat' dir='ltr'><strong>terram</strong></span> <span class='ocrx_word' id='word_1_104' title='bbox 1124 1599 1208 1642; x_wconf 86' lang='lat' dir='ltr'><strong>suam</strong></span> <span class='ocrx_word' id='word_1_105' title='bbox 1224 1578 1330 1662; x_wconf 85' lang='lat' dir='ltr'><strong>Syoud</strong></span> <span class='ocrx_word' id='word_1_106' title='bbox 1348 1577 1503 1660; x_wconf 88' lang='lat' dir='ltr'><strong>pertinere</strong></span> 
     </span>
     <span class='ocr_line' id='line_1_13' title="bbox 309 1682 1503 1771; baseline -0.006 -19"><span class='ocrx_word' id='word_1_107' title='bbox 309 1689 426 1752; x_wconf 91' lang='lat' dir='ltr'><strong>dixerat</strong></span> <span class='ocrx_word' id='word_1_108' title='bbox 445 1688 529 1769; x_wconf 87' lang='lat' dir='ltr'><strong>juxta</strong></span> <span class='ocrx_word' id='word_1_109' title='bbox 552 1688 789 1771; x_wconf 84' lang='lat' dir='ltr'><strong>propositionem</strong></span> <span class='ocrx_word' id='word_1_110' title='bbox 806 1708 890 1756; x_wconf 88' lang='lat' dir='ltr'><strong>suam</strong></span> <span class='ocrx_word' id='word_1_111' title='bbox 906 1688 937 1750; x_wconf 91' lang='lat' dir='ltr'><strong>in</strong></span> <span class='ocrx_word' id='word_1_112' title='bbox 952 1687 1050 1768; x_wconf 88' lang='lat' dir='ltr'><strong>ligura</strong></span> <span class='ocrx_word' id='word_1_113' title='bbox 1063 1688 1172 1770; x_wconf 87' lang='lat' dir='ltr'><strong>judicii</strong></span> <span class='ocrx_word' id='word_1_114' title='bbox 1187 1687 1337 1758; x_wconf 86' lang='lat' dir='ltr'><strong>habitam,</strong></span> <span class='ocrx_word' id='word_1_115' title='bbox 1356 1682 1503 1750; x_wconf 84' lang='lat' dir='ltr'><strong>officiales</strong></span> 
     </span>
    </p>
   </div>
   <div class='ocr_carea' id='block_1_7' title="bbox 1566 1643 1569 1726">
    <p class='ocr_par' dir='ltr' id='par_1_7' title="bbox 1566 1551 1569 1726">
     <span class='ocr_line' id='line_1_14' title="bbox 1566 1643 1569 1726; baseline 0 0"><span class='ocrx_word' id='word_1_116' title='bbox 1566 1643 1569 1726; x_wconf 72' lang='lat' dir='ltr'><strong>r</strong></span> 
     </span>
    </p>
   </div>
   <div class='ocr_carea' id='block_1_8' title="bbox 302 1792 1569 2092">
    <p class='ocr_par' dir='ltr' id='par_1_8' title="bbox 302 1792 1569 2094">
     <span class='ocr_line' id='line_1_15' title="bbox 304 1792 1503 1877; baseline -0.003 -21"><span class='ocrx_word' id='word_1_117' title='bbox 304 1814 377 1858; x_wconf 87' lang='lat' dir='ltr'><strong>vero</strong></span> <span class='ocrx_word' id='word_1_118' title='bbox 387 1792 640 1874; x_wconf 86' lang='lat' dir='ltr'><strong>ejusdemdomini</strong></span> <span class='ocrx_word' id='word_1_119' title='bbox 649 1795 785 1877; x_wconf 90' lang='lat' dir='ltr'><strong>episcopi</strong></span> <span class='ocrx_word' id='word_1_120' title='bbox 795 1794 1014 1858; x_wconf 91' lang='lat' dir='ltr'><strong>dicebantesse</strong></span> <span class='ocrx_word' id='word_1_121' title='bbox 1027 1793 1379 1866; x_wconf 73' lang='lat' dir='ltr'><strong>ecclesicTrnusilrane</strong></span> <span class='ocrx_word' id='word_1_122' title='bbox 1389 1797 1423 1854; x_wconf 88' lang='lat' dir='ltr'><strong>ct</strong></span> <span class='ocrx_word' id='word_1_123' title='bbox 1434 1811 1503 1873; x_wconf 90' lang='lat' dir='ltr'><strong>per·</strong></span> 
     </span>
     <span class='ocr_line' id='line_1_16' title="bbox 304 1901 1502 1985; baseline -0.005 -20"><span class='ocrx_word' id='word_1_124' title='bbox 304 1903 404 1965; x_wconf 89' lang='lat' dir='ltr'><strong>tinere</strong></span> <span class='ocrx_word' id='word_1_125' title='bbox 421 1902 458 1964; x_wconf 88' lang='lat' dir='ltr'><strong>ad</strong></span> <span class='ocrx_word' id='word_1_126' title='bbox 477 1901 574 1964; x_wconf 86' lang='lat' dir='ltr'><strong>villam</strong></span> <span class='ocrx_word' id='word_1_127' title='bbox 587 1901 670 1985; x_wconf 84' lang='lat' dir='ltr'><strong>Syou</strong></span> <span class='ocrx_word' id='word_1_128' title='bbox 686 1902 717 1963; x_wconf 88' lang='lat' dir='ltr'><strong>in</strong></span> <span class='ocrx_word' id='word_1_129' title='bbox 733 1901 897 1965; x_wconf 90' lang='lat' dir='ltr'><strong>eorundem</strong></span> <span class='ocrx_word' id='word_1_130' title='bbox 913 1902 1002 1964; x_wconf 89' lang='lat' dir='ltr'><strong>metis</strong></span> <span class='ocrx_word' id='word_1_131' title='bbox 1019 1907 1050 1964; x_wconf 89' lang='grc'><strong>11</strong></span> <span class='ocrx_word' id='word_1_132' title='bbox 1065 1902 1213 1971; x_wconf 89' lang='lat' dir='ltr'><strong>terminis,</strong></span> <span class='ocrx_word' id='word_1_133' title='bbox 1230 1907 1320 1983; x_wconf 88' lang='lat' dir='ltr'><strong>prout</strong></span> <span class='ocrx_word' id='word_1_134' title='bbox 1336 1920 1396 1983; x_wconf 93' lang='lat' dir='ltr'><strong>per</strong></span> <span class='ocrx_word' id='word_1_135' title='bbox 1406 1901 1502 1981; x_wconf 91' lang='lat' dir='ltr'><strong>ipsum</strong></span> 
     </span>
     <span class='ocr_line' id='line_1_17' title="bbox 302 2007 1569 2092; baseline -0.005 -21"><span class='ocrx_word' id='word_1_136' title='bbox 302 2008 486 2072; x_wconf 87' lang='lat' dir='ltr'><strong>reamhulata</strong></span> <span class='ocrx_word' id='word_1_137' title='bbox 502 2015 532 2071; x_wconf 87' lang='lat' dir='ltr'><strong>et</strong></span> <span class='ocrx_word' id='word_1_138' title='bbox 548 2007 732 2091; x_wconf 88' lang='lat' dir='ltr'><strong>reapplioata</strong></span> <span class='ocrx_word' id='word_1_139' title='bbox 750 2009 916 2083; x_wconf 84' lang='lat' dir='ltr'><strong>exstiterat,</strong></span> <span class='ocrx_word' id='word_1_140' title='bbox 929 2010 960 2070; x_wconf 93' lang='lat' dir='ltr'><strong>in</strong></span> <span class='ocrx_word' id='word_1_141' title='bbox 973 2009 1070 2071; x_wconf 87' lang='lat' dir='ltr'><strong>forma</strong></span> <span class='ocrx_word' id='word_1_142' title='bbox 1083 2009 1313 2092; x_wconf 80' lang='lat' dir='ltr'><strong>compositionis</strong></span> <span class='ocrx_word' id='word_1_143' title='bbox 1328 2014 1362 2069; x_wconf 90' lang='lat' dir='ltr'><strong>et</strong></span> <span class='ocrx_word' id='word_1_144' title='bbox 1373 2025 1502 2070; x_wconf 92' lang='lat' dir='ltr'><strong>concor·</strong></span> <span class='ocrx_word' id='word_1_145' title='bbox 1567 2007 1569 2060; x_wconf 81' lang='lat' dir='ltr'><strong>i</strong></span> 
     </span>
    </p>
   </div>
   <div class='ocr_carea' id='block_1_9' title="bbox 303 2113 1503 2200">
    <p class='ocr_par' dir='ltr' id='par_1_9' title="bbox 303 2113 1503 2200">
     <span class='ocr_line' id='line_1_18' title="bbox 303 2113 1503 2200; baseline -0.008 -19"><span class='ocrx_word' id='word_1_146' title='bbox 303 2117 353 2181; x_wconf 89' lang='lat' dir='ltr'><strong>die</strong></span> <span class='ocrx_word' id='word_1_147' title='bbox 366 2116 462 2180; x_wconf 91' lang='lat' dir='ltr'><strong>eidem</strong></span> <span class='ocrx_word' id='word_1_148' title='bbox 475 2116 606 2179; x_wconf 83' lang='lat' dir='ltr'><strong>ecclesie</strong></span> <span class='ocrx_word' id='word_1_149' title='bbox 615 2116 813 2180; x_wconf 79' lang='lat' dir='ltr'><strong>Transilvane</strong></span> <span class='ocrx_word' id='word_1_150' title='bbox 828 2115 910 2178; x_wconf 88' lang='lat' dir='ltr'><strong>beati</strong></span> <span class='ocrx_word' id='word_1_151' title='bbox 927 2116 1086 2180; x_wconf 80' lang='lat' dir='ltr'><strong>Michaelis</strong></span> <span class='ocrx_word' id='word_1_152' title='bbox 1098 2117 1229 2200; x_wconf 83' lang='lat' dir='ltr'><strong>reliquit,</strong></span> <span class='ocrx_word' id='word_1_153' title='bbox 1238 2115 1334 2186; x_wconf 87' lang='lat' dir='ltr'><strong>dedit,</strong></span> <span class='ocrx_word' id='word_1_154' title='bbox 1347 2118 1380 2176; x_wconf 90' lang='lat' dir='ltr'><strong>et</strong></span> <span class='ocrx_word' id='word_1_155' title='bbox 1388 2113 1503 2182; x_wconf 89' lang='lat' dir='ltr'><strong>statuit,</strong></span> 
     </span>
    </p>
   </div>
   <div class='ocr_carea' id='block_1_10' title="bbox 303 2221 1504 2522">
    <p class='ocr_par' dir='ltr' id='par_1_10' title="bbox 303 2221 1504 2522">
     <span class='ocr_line' id='line_1_19' title="bbox 303 2221 1504 2310; baseline -0.006 -22"><span class='ocrx_word' id='word_1_156' title='bbox 303 2245 370 2288; x_wconf 91' lang='lat' dir='ltr'><strong>eum</strong></span> <span class='ocrx_word' id='word_1_157' title='bbox 389 2225 525 2288; x_wconf 92' lang='lat' dir='ltr'><strong>omnihus</strong></span> <span class='ocrx_word' id='word_1_158' title='bbox 541 2225 718 2288; x_wconf 88' lang='lat' dir='ltr'><strong>utilitatibus</strong></span> <span class='ocrx_word' id='word_1_159' title='bbox 736 2227 800 2288; x_wconf 93' lang='lat' dir='ltr'><strong>suis</strong></span> <span class='ocrx_word' id='word_1_160' title='bbox 819 2224 946 2307; x_wconf 84' lang='lat' dir='ltr'><strong>pacifice</strong></span> <span class='ocrx_word' id='word_1_161' title='bbox 968 2230 1117 2310; x_wconf 90' lang='lat' dir='ltr'><strong>perpetuo</strong></span> <span class='ocrx_word' id='word_1_162' title='bbox 1140 2223 1368 2307; x_wconf 87' lang='lat' dir='ltr'><strong>possidendam.</strong></span> <span class='ocrx_word' id='word_1_163' title='bbox 1398 2221 1504 2283; x_wconf 89' lang='lat' dir='ltr'><strong>Datum</strong></span> 
     </span>
     <span class='ocr_line' id='line_1_20' title="bbox 303 2327 1503 2411; baseline -0.004 -18"><span class='ocrx_word' id='word_1_164' title='bbox 303 2331 385 2393; x_wconf 89' lang='lat' dir='ltr'><strong>Bude</strong></span> <span class='ocrx_word' id='word_1_165' title='bbox 401 2331 432 2393; x_wconf 93' lang='lat' dir='ltr'><strong>in</strong></span> <span class='ocrx_word' id='word_1_166' title='bbox 450 2332 581 2393; x_wconf 90' lang='lat' dir='ltr'><strong>crastino</strong></span> <span class='ocrx_word' id='word_1_167' title='bbox 606 2337 778 2394; x_wconf 81' lang='lat' dir='ltr'><strong>octavarum</strong></span> <span class='ocrx_word' id='word_1_168' title='bbox 796 2336 856 2393; x_wconf 88' lang='lat' dir='ltr'><strong>nat.</strong></span> <span class='ocrx_word' id='word_1_169' title='bbox 874 2329 904 2393; x_wconf 83' lang='lat' dir='ltr'><strong>b.</strong></span> <span class='ocrx_word' id='word_1_170' title='bbox 921 2331 1048 2411; x_wconf 79' lang='lat' dir='ltr'><strong>virginis</strong></span> <span class='ocrx_word' id='word_1_171' title='bbox 1066 2329 1161 2392; x_wconf 86' lang='lat' dir='ltr'><strong>llarie</strong></span> <span class='ocrx_word' id='word_1_172' title='bbox 1177 2349 1254 2392; x_wconf 92' lang='lat' dir='ltr'><strong>anno</strong></span> <span class='ocrx_word' id='word_1_173' title='bbox 1271 2327 1387 2390; x_wconf 88' lang='lat' dir='ltr'><strong>domini</strong></span> <span class='ocrx_word' id='word_1_174' title='bbox 1407 2327 1503 2390; x_wconf 81' lang='lat'><strong>1281.</strong></span> 
     </span>
     <span class='ocr_line' id='line_1_21' title="bbox 393 2435 1503 2522; baseline -0.005 -22"><span class='ocrx_word' id='word_1_175' title='bbox 393 2438 455 2502; x_wconf 91' lang='lat' dir='ltr'><strong>Nos</strong></span> <span class='ocrx_word' id='word_1_176' title='bbox 472 2441 566 2520; x_wconf 85' lang='lat' dir='ltr'><strong>igitur</strong></span> <span class='ocrx_word' id='word_1_177' title='bbox 581 2440 653 2502; x_wconf 89' lang='grc'><strong>11111</strong></span> <span class='ocrx_word' id='word_1_178' title='bbox 669 2439 817 2522; x_wconf 90' lang='lat' dir='ltr'><strong>predictis</strong></span> <span class='ocrx_word' id='word_1_179' title='bbox 840 2437 935 2502; x_wconf 90' lang='lat' dir='ltr'><strong>literis</strong></span> <span class='ocrx_word' id='word_1_180' title='bbox 952 2439 1019 2503; x_wconf 87' lang='grc'><strong>1111</strong></span> <span class='ocrx_word' id='word_1_181' title='bbox 1034 2438 1148 2518; x_wconf 86' lang='lat' dir='ltr'><strong>judicis</strong></span> <span class='ocrx_word' id='word_1_182' title='bbox 1166 2437 1251 2500; x_wconf 90' lang='lat' dir='ltr'><strong>curie</strong></span> <span class='ocrx_word' id='word_1_183' title='bbox 1273 2435 1390 2498; x_wconf 91' lang='lat' dir='ltr'><strong>domini</strong></span> <span class='ocrx_word' id='word_1_184' title='bbox 1408 2435 1503 2514; x_wconf 86' lang='lat' dir='ltr'><strong>regis,</strong></span> 
     </span>
    </p>
   </div>
   <div class='ocr_carea' id='block_1_11' title="bbox 303 2541 1569 2630">
    <p class='ocr_par' dir='ltr' id='par_1_11' title="bbox 303 2541 1569 2630">
     <span class='ocr_line' id='line_1_22' title="bbox 303 2541 1569 2630; baseline -0.005 -22"><span class='ocrx_word' id='word_1_185' title='bbox 303 2551 333 2608; x_wconf 88' lang='lat' dir='ltr'><strong>et</strong></span> <span class='ocrx_word' id='word_1_186' title='bbox 357 2545 475 2627; x_wconf 92' lang='lat' dir='ltr'><strong>plenius</strong></span> <span class='ocrx_word' id='word_1_187' title='bbox 492 2546 671 2618; x_wconf 88' lang='lat' dir='ltr'><strong>intellectis,</strong></span> <span class='ocrx_word' id='word_1_188' title='bbox 695 2566 763 2610; x_wconf 89' lang='lat' dir='ltr'><strong>cum</strong></span> <span class='ocrx_word' id='word_1_189' title='bbox 783 2547 903 2630; x_wconf 85' lang='lat' dir='ltr'><strong>prefato</strong></span> <span class='ocrx_word' id='word_1_190' title='bbox 928 2548 1038 2609; x_wconf 91' lang='lat' dir='ltr'><strong>comite</strong></span> <span class='ocrx_word' id='word_1_191' title='bbox 1063 2545 1148 2610; x_wconf 77' lang='lat' dir='ltr'><strong>&#39;surh</strong></span> <span class='ocrx_word' id='word_1_192' title='bbox 1171 2545 1232 2608; x_wconf 85' lang='lat' dir='ltr'><strong>lilio</strong></span> <span class='ocrx_word' id='word_1_193' title='bbox 1256 2546 1363 2606; x_wconf 77' lang='lat' dir='ltr'><strong>llenna</strong></span> <span class='ocrx_word' id='word_1_194' title='bbox 1386 2543 1505 2606; x_wconf 89' lang='lat' dir='ltr'><strong>homine</strong></span> <span class='ocrx_word' id='word_1_195' title='bbox 1567 2541 1569 2554; x_wconf 73' lang='lat'><em>¹</em></span> 
     </span>
    </p>
   </div>
   <div class='ocr_carea' id='block_1_12' title="bbox 302 2648 1569 2750">
    <p class='ocr_par' dir='ltr' id='par_1_12' title="bbox 302 2648 1569 2750">
     <span class='ocr_line' id='line_1_23' title="bbox 302 2648 1569 2750; baseline -0.006 -34"><span class='ocrx_word' id='word_1_196' title='bbox 302 2654 414 2716; x_wconf 91' lang='lat' dir='ltr'><strong>domini</strong></span> <span class='ocrx_word' id='word_1_197' title='bbox 429 2656 524 2734; x_wconf 85' lang='lat' dir='ltr'><strong>regis,</strong></span> <span class='ocrx_word' id='word_1_198' title='bbox 542 2659 675 2716; x_wconf 85' lang='lat' dir='ltr'><strong>nostrum</strong></span> <span class='ocrx_word' id='word_1_199' title='bbox 691 2654 841 2725; x_wconf 91' lang='lat' dir='ltr'><strong>idoneum,</strong></span> <span class='ocrx_word' id='word_1_200' title='bbox 859 2659 890 2716; x_wconf 88' lang='lat' dir='ltr'><strong>et</strong></span> <span class='ocrx_word' id='word_1_201' title='bbox 906 2654 965 2716; x_wconf 86' lang='grc'><strong>11111</strong></span> <span class='ocrx_word' id='word_1_202' title='bbox 978 2654 1103 2734; x_wconf 85' lang='lat' dir='ltr'><strong>dignum</strong></span> <span class='ocrx_word' id='word_1_203' title='bbox 1121 2652 1241 2716; x_wconf 89' lang='lat' dir='ltr'><strong>Vithum</strong></span> <span class='ocrx_word' id='word_1_204' title='bbox 1253 2649 1451 2714; x_wconf 90' lang='lat' dir='ltr'><strong>sacerdotem</strong></span> <span class='ocrx_word' id='word_1_205' title='bbox 1468 2648 1504 2709; x_wconf 87' lang='lat' dir='ltr'><strong>de</strong></span> <span class='ocrx_word' id='word_1_206' title='bbox 1567 2697 1569 2750; x_wconf 47' lang='grc' dir='ltr'>ἰ</span> 
     </span>
    </p>
   </div>
   <div class='ocr_carea' id='block_1_13' title="bbox 303 2751 1569 2844">
    <p class='ocr_par' dir='ltr' id='par_1_13' title="bbox 303 2751 1569 2854">
     <span class='ocr_line' id='line_1_24' title="bbox 303 2751 1569 2844; baseline -0.005 -20"><span class='ocrx_word' id='word_1_207' title='bbox 303 2760 414 2824; x_wconf 86' lang='lat' dir='ltr'><strong>Sroloh</strong></span> <span class='ocrx_word' id='word_1_208' title='bbox 432 2761 469 2823; x_wconf 93' lang='lat' dir='ltr'><strong>ad</strong></span> <span class='ocrx_word' id='word_1_209' title='bbox 485 2761 633 2843; x_wconf 88' lang='lat' dir='ltr'><strong>premissa</strong></span> <span class='ocrx_word' id='word_1_210' title='bbox 651 2760 826 2844; x_wconf 87' lang='lat' dir='ltr'><strong>exequenda</strong></span> <span class='ocrx_word' id='word_1_211' title='bbox 851 2761 987 2823; x_wconf 91' lang='lat' dir='ltr'><strong>duximus</strong></span> <span class='ocrx_word' id='word_1_212' title='bbox 1008 2759 1288 2829; x_wconf 91' lang='lat' dir='ltr'><strong>transmittendum,</strong></span> <span class='ocrx_word' id='word_1_213' title='bbox 1313 2758 1366 2841; x_wconf 86' lang='lat' dir='ltr'><strong>qui</strong></span> <span class='ocrx_word' id='word_1_214' title='bbox 1384 2757 1502 2819; x_wconf 91' lang='lat' dir='ltr'><strong>demum</strong></span> <span class='ocrx_word' id='word_1_215' title='bbox 1567 2751 1569 2820; x_wconf 82' lang='grc'><strong>1</strong></span> 
     </span>
    </p>
   </div>
   <div class='ocr_carea' id='block_1_14' title="bbox 299 2863 1504 3164">
    <p class='ocr_par' dir='ltr' id='par_1_14' title="bbox 299 2863 1504 3164">
     <span class='ocr_line' id='line_1_25' title="bbox 300 2863 1502 2950; baseline -0.007 -20"><span class='ocrx_word' id='word_1_216' title='bbox 300 2887 368 2930; x_wconf 92' lang='lat' dir='ltr'><strong>cum</strong></span> <span class='ocrx_word' id='word_1_217' title='bbox 395 2868 533 2950; x_wconf 90' lang='lat' dir='ltr'><strong>predicto</strong></span> <span class='ocrx_word' id='word_1_218' title='bbox 555 2867 676 2930; x_wconf 93' lang='lat' dir='ltr'><strong>homine</strong></span> <span class='ocrx_word' id='word_1_219' title='bbox 700 2867 813 2930; x_wconf 92' lang='lat' dir='ltr'><strong>domini</strong></span> <span class='ocrx_word' id='word_1_220' title='bbox 838 2867 922 2946; x_wconf 86' lang='lat' dir='ltr'><strong>regis</strong></span> <span class='ocrx_word' id='word_1_221' title='bbox 947 2867 984 2930; x_wconf 89' lang='lat' dir='ltr'><strong>ad</strong></span> <span class='ocrx_word' id='word_1_222' title='bbox 1006 2886 1061 2929; x_wconf 92' lang='lat' dir='ltr'><strong>nos</strong></span> <span class='ocrx_word' id='word_1_223' title='bbox 1078 2866 1220 2940; x_wconf 91' lang='lat' dir='ltr'><strong>rediens,</strong></span> <span class='ocrx_word' id='word_1_224' title='bbox 1245 2863 1334 2926; x_wconf 90' lang='lat' dir='ltr'><strong>nobis</strong></span> <span class='ocrx_word' id='word_1_225' title='bbox 1351 2863 1431 2926; x_wconf 81' lang='lat' dir='ltr'><strong>dixit</strong></span> <span class='ocrx_word' id='word_1_226' title='bbox 1447 2881 1502 2924; x_wconf 90' lang='lat' dir='ltr'><strong>una</strong></span> 
     </span>
     <span class='ocr_line' id='line_1_26' title="bbox 300 2970 1504 3057; baseline -0.006 -20"><span class='ocrx_word' id='word_1_227' title='bbox 300 2992 387 3043; x_wconf 87' lang='grc'><strong>1111,</strong></span> <span class='ocrx_word' id='word_1_228' title='bbox 405 2974 482 3057; x_wconf 90' lang='lat' dir='ltr'><strong>quod</strong></span> <span class='ocrx_word' id='word_1_229' title='bbox 501 2994 568 3038; x_wconf 92' lang='lat' dir='ltr'><strong>cum</strong></span> <span class='ocrx_word' id='word_1_230' title='bbox 584 2975 735 3038; x_wconf 90' lang='lat' dir='ltr'><strong>antedicto</strong></span> <span class='ocrx_word' id='word_1_231' title='bbox 753 2975 864 3037; x_wconf 90' lang='lat' dir='ltr'><strong>comite</strong></span> <span class='ocrx_word' id='word_1_232' title='bbox 876 2973 959 3036; x_wconf 84' lang='lat' dir='ltr'><strong>Turh</strong></span> <span class='ocrx_word' id='word_1_233' title='bbox 975 2973 1095 3037; x_wconf 90' lang='lat' dir='ltr'><strong>homine</strong></span> <span class='ocrx_word' id='word_1_234' title='bbox 1107 2973 1218 3036; x_wconf 91' lang='lat' dir='ltr'><strong>domini</strong></span> <span class='ocrx_word' id='word_1_235' title='bbox 1232 2972 1317 3053; x_wconf 89' lang='lat' dir='ltr'><strong>regis</strong></span> <span class='ocrx_word' id='word_1_236' title='bbox 1330 2977 1441 3053; x_wconf 90' lang='lat' dir='ltr'><strong>quarto</strong></span> <span class='ocrx_word' id='word_1_237' title='bbox 1457 2970 1504 3032; x_wconf 89' lang='lat' dir='ltr'><strong>die</strong></span> 
     </span>
     <span class='ocr_line' id='line_1_27' title="bbox 299 3077 1503 3164; baseline -0.004 -20"><span class='ocrx_word' id='word_1_238' title='bbox 299 3081 380 3144; x_wconf 83' lang='lat' dir='ltr'><strong>beati</strong></span> <span class='ocrx_word' id='word_1_239' title='bbox 389 3082 506 3146; x_wconf 92' lang='lat' dir='ltr'><strong>Nicolai</strong></span> <span class='ocrx_word' id='word_1_240' title='bbox 518 3082 701 3145; x_wconf 87' lang='lat' dir='ltr'><strong>confessoris</strong></span> <span class='ocrx_word' id='word_1_241' title='bbox 715 3081 752 3144; x_wconf 90' lang='lat' dir='ltr'><strong>ad</strong></span> <span class='ocrx_word' id='word_1_242' title='bbox 765 3083 872 3144; x_wconf 85' lang='lat' dir='ltr'><strong>sociem</strong></span> <span class='ocrx_word' id='word_1_243' title='bbox 885 3082 1033 3163; x_wconf 87' lang='lat' dir='ltr'><strong>premisse</strong></span> <span class='ocrx_word' id='word_1_244' title='bbox 1045 3081 1197 3164; x_wconf 90' lang='lat' dir='ltr'><strong>particule</strong></span> <span class='ocrx_word' id='word_1_245' title='bbox 1208 3085 1293 3142; x_wconf 92' lang='lat' dir='ltr'><strong>terre</strong></span> <span class='ocrx_word' id='word_1_246' title='bbox 1306 3077 1503 3148; x_wconf 88' lang='lat' dir='ltr'><strong>accedentes,</strong></span> 
     </span>
    </p>
   </div>
   <div class='ocr_carea' id='block_1_15' title="bbox 300 3186 1569 3274">
    <p class='ocr_par' dir='ltr' id='par_1_15' title="bbox 300 3186 1569 3274">
     <span class='ocr_line' id='line_1_28' title="bbox 300 3186 1569 3274; baseline -0.005 -22"><span class='ocrx_word' id='word_1_247' title='bbox 300 3189 548 3253; x_wconf 84' lang='lat' dir='ltr'><strong>unacumricinis</strong></span> <span class='ocrx_word' id='word_1_248' title='bbox 565 3197 596 3252; x_wconf 90' lang='lat' dir='ltr'><strong>et</strong></span> <span class='ocrx_word' id='word_1_249' title='bbox 612 3190 825 3253; x_wconf 89' lang='lat' dir='ltr'><strong>commetaneis</strong></span> <span class='ocrx_word' id='word_1_250' title='bbox 838 3209 1015 3272; x_wconf 86' lang='lat' dir='ltr'><strong>quamquam</strong></span> <span class='ocrx_word' id='word_1_251' title='bbox 1029 3188 1155 3254; x_wconf 90' lang='lat' dir='ltr'><strong>absente</strong></span> <span class='ocrx_word' id='word_1_252' title='bbox 1171 3186 1503 3269; x_wconf 89' lang='lat' dir='ltr'><strong>memoratoStepbano</strong></span> <span class='ocrx_word' id='word_1_253' title='bbox 1567 3221 1569 3274; x_wconf 42' lang='grc' dir='ltr'>ἐ</span> 
     </span>
    </p>
   </div>
   <div class='ocr_carea' id='block_1_16' title="bbox 300 3287 1569 3379">
    <p class='ocr_par' dir='ltr' id='par_1_16' title="bbox 300 3287 1569 3379">
     <span class='ocr_line' id='line_1_29' title="bbox 300 3287 1569 3379; baseline 0 -25"><span class='ocrx_word' id='word_1_254' title='bbox 300 3292 362 3356; x_wconf 89' lang='lat' dir='ltr'><strong>lilio</strong></span> <span class='ocrx_word' id='word_1_255' title='bbox 378 3294 444 3358; x_wconf 83' lang='lat' dir='ltr'><strong>Filo</strong></span> <span class='ocrx_word' id='word_1_256' title='bbox 460 3294 541 3365; x_wconf 90' lang='lat' dir='ltr'><strong>bani,</strong></span> <span class='ocrx_word' id='word_1_257' title='bbox 558 3297 609 3379; x_wconf 91' lang='lat' dir='ltr'><strong>qui</strong></span> <span class='ocrx_word' id='word_1_258' title='bbox 622 3295 736 3378; x_wconf 90' lang='lat' dir='ltr'><strong>pluries</strong></span> <span class='ocrx_word' id='word_1_259' title='bbox 749 3300 883 3368; x_wconf 90' lang='lat' dir='ltr'><strong>vocatus,</strong></span> <span class='ocrx_word' id='word_1_260' title='bbox 892 3315 989 3379; x_wconf 90' lang='lat' dir='ltr'><strong>neque</strong></span> <span class='ocrx_word' id='word_1_261' title='bbox 1002 3296 1094 3366; x_wconf 88' lang='lat' dir='ltr'><strong>venit,</strong></span> <span class='ocrx_word' id='word_1_262' title='bbox 1104 3315 1204 3379; x_wconf 89' lang='lat' dir='ltr'><strong>neque</strong></span> <span class='ocrx_word' id='word_1_263' title='bbox 1216 3295 1310 3364; x_wconf 91' lang='lat' dir='ltr'><strong>misit,</strong></span> <span class='ocrx_word' id='word_1_264' title='bbox 1323 3295 1502 3376; x_wconf 91' lang='lat' dir='ltr'><strong>premissam</strong></span> <span class='ocrx_word' id='word_1_265' title='bbox 1567 3287 1569 3340; x_wconf 62' lang='lat' dir='ltr'><strong>l</strong></span> 
     </span>
    </p>
   </div>
   <div class='ocr_carea' id='block_1_17' title="bbox 297 3401 1501 3700">
    <p class='ocr_par' dir='ltr' id='par_1_17' title="bbox 297 3401 1501 3700">
     <span class='ocr_line' id='line_1_30' title="bbox 298 3401 1501 3485; baseline -0.004 -21"><span class='ocrx_word' id='word_1_266' title='bbox 298 3401 478 3485; x_wconf 88' lang='lat' dir='ltr'><strong>particulam</strong></span> <span class='ocrx_word' id='word_1_267' title='bbox 501 3407 584 3466; x_wconf 89' lang='lat' dir='ltr'><strong>terre</strong></span> <span class='ocrx_word' id='word_1_268' title='bbox 602 3404 726 3466; x_wconf 90' lang='lat' dir='ltr'><strong>duorum</strong></span> <span class='ocrx_word' id='word_1_269' title='bbox 747 3408 933 3472; x_wconf 85' lang='lat' dir='ltr'><strong>aratrorum,</strong></span> <span class='ocrx_word' id='word_1_270' title='bbox 956 3407 987 3465; x_wconf 96' lang='grc'><strong>11</strong></span> <span class='ocrx_word' id='word_1_271' title='bbox 1003 3402 1138 3470; x_wconf 88' lang='lat' dir='ltr'><strong>dimidii,</strong></span> <span class='ocrx_word' id='word_1_272' title='bbox 1161 3406 1252 3485; x_wconf 89' lang='lat' dir='ltr'><strong>prout</strong></span> <span class='ocrx_word' id='word_1_273' title='bbox 1269 3420 1366 3464; x_wconf 89' lang='lat' dir='ltr'><strong>coeco</strong></span> <span class='ocrx_word' id='word_1_274' title='bbox 1391 3418 1501 3464; x_wconf 90' lang='lat' dir='ltr'><strong>coccus</strong></span> 
     </span>
     <span class='ocr_line' id='line_1_31' title="bbox 297 3507 1501 3593; baseline -0.002 -21"><span class='ocrx_word' id='word_1_275' title='bbox 297 3507 416 3572; x_wconf 90' lang='lat' dir='ltr'><strong>oculum</strong></span> <span class='ocrx_word' id='word_1_276' title='bbox 434 3512 538 3570; x_wconf 89' lang='lat' dir='ltr'><strong>notare</strong></span> <span class='ocrx_word' id='word_1_277' title='bbox 555 3513 585 3572; x_wconf 90' lang='grc'><strong>11</strong></span> <span class='ocrx_word' id='word_1_278' title='bbox 602 3508 700 3570; x_wconf 89' lang='lat' dir='ltr'><strong>metiri</strong></span> <span class='ocrx_word' id='word_1_279' title='bbox 717 3512 879 3590; x_wconf 91' lang='lat' dir='ltr'><strong>potuerunt</strong></span> <span class='ocrx_word' id='word_1_280' title='bbox 904 3512 992 3574; x_wconf 90' lang='lat' dir='ltr'><strong>metis</strong></span> <span class='ocrx_word' id='word_1_281' title='bbox 1008 3510 1141 3593; x_wconf 90' lang='lat' dir='ltr'><strong>undique</strong></span> <span class='ocrx_word' id='word_1_282' title='bbox 1155 3511 1239 3592; x_wconf 89' lang='lat' dir='ltr'><strong>juxta</strong></span> <span class='ocrx_word' id='word_1_283' title='bbox 1263 3514 1389 3574; x_wconf 84' lang='lat' dir='ltr'><strong>veteres</strong></span> <span class='ocrx_word' id='word_1_284' title='bbox 1407 3513 1501 3572; x_wconf 91' lang='lat' dir='ltr'><strong>metas</strong></span> 
     </span>
     <span class='ocr_line' id='line_1_32' title="bbox 297 3615 1499 3700; baseline 0 -23"><span class='ocrx_word' id='word_1_285' title='bbox 297 3635 389 3679; x_wconf 87' lang='lat' dir='ltr'><strong>novas</strong></span> <span class='ocrx_word' id='word_1_286' title='bbox 414 3615 575 3694; x_wconf 89' lang='lat' dir='ltr'><strong>erigendo,</strong></span> <span class='ocrx_word' id='word_1_287' title='bbox 608 3620 638 3678; x_wconf 91' lang='lat' dir='ltr'><strong>et</strong></span> <span class='ocrx_word' id='word_1_288' title='bbox 661 3616 805 3698; x_wconf 91' lang='lat' dir='ltr'><strong>quasdam</strong></span> <span class='ocrx_word' id='word_1_289' title='bbox 829 3617 968 3681; x_wconf 89' lang='lat' dir='ltr'><strong>desertas</strong></span> <span class='ocrx_word' id='word_1_290' title='bbox 993 3624 1115 3682; x_wconf 88' lang='lat' dir='ltr'><strong>veteres</strong></span> <span class='ocrx_word' id='word_1_291' title='bbox 1133 3621 1229 3680; x_wconf 91' lang='lat' dir='ltr'><strong>metas</strong></span> <span class='ocrx_word' id='word_1_292' title='bbox 1245 3616 1499 3700; x_wconf 89' lang='lat' dir='ltr'><strong>redintegrando,</strong></span> 
     </span>
    </p>
   </div>
   <div class='ocr_carea' id='block_1_18' title="bbox 296 3722 1569 3914">
    <p class='ocr_par' dir='ltr' id='par_1_18' title="bbox 296 3722 1569 3914">
     <span class='ocr_line' id='line_1_33' title="bbox 297 3722 1569 3808; baseline -0.001 -23"><span class='ocrx_word' id='word_1_293' title='bbox 297 3724 356 3785; x_wconf 89' lang='lat' dir='ltr'><strong>hoe</strong></span> <span class='ocrx_word' id='word_1_294' title='bbox 373 3723 478 3785; x_wconf 90' lang='lat' dir='ltr'><strong>ordine</strong></span> <span class='ocrx_word' id='word_1_295' title='bbox 496 3722 566 3784; x_wconf 91' lang='lat' dir='ltr'><strong>hinc</strong></span> <span class='ocrx_word' id='word_1_296' title='bbox 594 3723 664 3785; x_wconf 91' lang='lat' dir='ltr'><strong>inde</strong></span> <span class='ocrx_word' id='word_1_297' title='bbox 686 3722 901 3795; x_wconf 88' lang='lat' dir='ltr'><strong>distinxerunt,</strong></span> <span class='ocrx_word' id='word_1_298' title='bbox 926 3725 1070 3788; x_wconf 84' lang='lat' dir='ltr'><strong>videlieet</strong></span> <span class='ocrx_word' id='word_1_299' title='bbox 1092 3727 1191 3808; x_wconf 90' lang='lat' dir='ltr'><strong>prima</strong></span> <span class='ocrx_word' id='word_1_300' title='bbox 1219 3730 1300 3786; x_wconf 88' lang='lat' dir='ltr'><strong>meta</strong></span> <span class='ocrx_word' id='word_1_301' title='bbox 1330 3729 1364 3786; x_wconf 89' lang='lat' dir='ltr'><strong>et</strong></span> <span class='ocrx_word' id='word_1_302' title='bbox 1386 3725 1499 3808; x_wconf 90' lang='lat' dir='ltr'><strong>princi·</strong></span> <span class='ocrx_word' id='word_1_303' title='bbox 1567 3739 1569 3768; x_wconf 70' lang='lat'><em>³</em></span> 
     </span>
     <span class='ocr_line' id='line_1_34' title="bbox 296 3819 1569 3914; baseline 0 -22"><span class='ocrx_word' id='word_1_304' title='bbox 296 3828 373 3913; x_wconf 91' lang='lat' dir='ltr'><strong>palis</strong></span> <span class='ocrx_word' id='word_1_305' title='bbox 392 3838 467 3892; x_wconf 87' lang='lat' dir='ltr'><strong>esta</strong></span> <span class='ocrx_word' id='word_1_306' title='bbox 483 3836 570 3911; x_wconf 91' lang='lat' dir='ltr'><strong>parte</strong></span> <span class='ocrx_word' id='word_1_307' title='bbox 586 3830 834 3912; x_wconf 90' lang='lat' dir='ltr'><strong>septemtrionali,</strong></span> <span class='ocrx_word' id='word_1_308' title='bbox 851 3851 911 3914; x_wconf 87' lang='lat' dir='ltr'><strong>que</strong></span> <span class='ocrx_word' id='word_1_309' title='bbox 927 3832 1085 3913; x_wconf 79' lang='lat' dir='ltr'><strong>distinguit</strong></span> <span class='ocrx_word' id='word_1_310' title='bbox 1101 3832 1139 3895; x_wconf 89' lang='lat' dir='ltr'><strong>ab</strong></span> <span class='ocrx_word' id='word_1_311' title='bbox 1160 3833 1293 3896; x_wconf 81' lang='lat' dir='ltr'><strong>invicem</strong></span> <span class='ocrx_word' id='word_1_312' title='bbox 1308 3837 1412 3895; x_wconf 90' lang='lat' dir='ltr'><strong>terras</strong></span> <span class='ocrx_word' id='word_1_313' title='bbox 1429 3851 1500 3913; x_wconf 89' lang='lat' dir='ltr'><strong>sepe</strong></span> <span class='ocrx_word' id='word_1_314' title='bbox 1567 3819 1569 3822; x_wconf 9' lang='grc' dir='ltr'><em>Α</em></span> 
     </span>
    </p>
   </div>
   <div class='ocr_carea' id='block_1_19' title="bbox 295 3936 1500 4235">
    <p class='ocr_par' dir='ltr' id='par_1_19' title="bbox 295 3936 1500 4235">
     <span class='ocr_line' id='line_1_35' title="bbox 297 3936 1497 4023; baseline 0 -23"><span class='ocrx_word' id='word_1_315' title='bbox 297 3939 371 4000; x_wconf 89' lang='lat' dir='ltr'><strong>dicti</strong></span> <span class='ocrx_word' id='word_1_316' title='bbox 388 3936 567 4000; x_wconf 84' lang='lat' dir='ltr'><strong>venerahilis</strong></span> <span class='ocrx_word' id='word_1_317' title='bbox 585 3938 689 4019; x_wconf 89' lang='lat' dir='ltr'><strong>patris,</strong></span> <span class='ocrx_word' id='word_1_318' title='bbox 707 3941 738 3999; x_wconf 90' lang='lat' dir='ltr'><strong>et</strong></span> <span class='ocrx_word' id='word_1_319' title='bbox 754 3939 865 4019; x_wconf 87' lang='lat' dir='ltr'><strong>prelati</strong></span> <span class='ocrx_word' id='word_1_320' title='bbox 879 3939 1027 4021; x_wconf 84' lang='lat' dir='ltr'><strong>Stephani</strong></span> <span class='ocrx_word' id='word_1_321' title='bbox 1043 3939 1099 4003; x_wconf 88' lang='grc'><strong>11111</strong></span> <span class='ocrx_word' id='word_1_322' title='bbox 1116 3939 1191 4023; x_wconf 81' lang='lat' dir='ltr'><strong>Fyle</strong></span> <span class='ocrx_word' id='word_1_323' title='bbox 1207 3938 1293 4010; x_wconf 91' lang='lat' dir='ltr'><strong>bani,</strong></span> <span class='ocrx_word' id='word_1_324' title='bbox 1317 3961 1355 4002; x_wconf 90' lang='lat' dir='ltr'><strong>ac</strong></span> <span class='ocrx_word' id='word_1_325' title='bbox 1377 3940 1497 4003; x_wconf 81' lang='lat' dir='ltr'><strong>Andree</strong></span> 
     </span>
     <span class='ocr_line' id='line_1_36' title="bbox 296 4041 1500 4128; baseline 0.001 -21"><span class='ocrx_word' id='word_1_326' title='bbox 296 4043 465 4107; x_wconf 90' lang='lat' dir='ltr'><strong>sacerdotis</strong></span> <span class='ocrx_word' id='word_1_327' title='bbox 482 4041 561 4105; x_wconf 91' lang='lat' dir='ltr'><strong>boue</strong></span> <span class='ocrx_word' id='word_1_328' title='bbox 577 4045 737 4115; x_wconf 91' lang='lat' dir='ltr'><strong>memorie,</strong></span> <span class='ocrx_word' id='word_1_329' title='bbox 755 4048 787 4105; x_wconf 91' lang='lat' dir='ltr'><strong>et</strong></span> <span class='ocrx_word' id='word_1_330' title='bbox 803 4044 1373 4128; x_wconf 75' lang='grc'><strong>111111111111111111111111111111,</strong></span> <span class='ocrx_word' id='word_1_331' title='bbox 1396 4045 1500 4109; x_wconf 83' lang='lat' dir='ltr'><strong>exinde</strong></span> 
     </span>
     <span class='ocr_line' id='line_1_37' title="bbox 295 4148 1499 4235; baseline -0.003 -20"><span class='ocrx_word' id='word_1_332' title='bbox 295 4151 438 4216; x_wconf 87' lang='lat' dir='ltr'><strong>videlieet</strong></span> <span class='ocrx_word' id='word_1_333' title='bbox 462 4169 569 4212; x_wconf 87' lang='lat' dir='ltr'><strong>versus</strong></span> <span class='ocrx_word' id='word_1_334' title='bbox 594 4148 712 4231; x_wconf 90' lang='lat' dir='ltr'><strong>plagam</strong></span> <span class='ocrx_word' id='word_1_335' title='bbox 737 4149 915 4213; x_wconf 90' lang='lat' dir='ltr'><strong>orientalem</strong></span> <span class='ocrx_word' id='word_1_336' title='bbox 939 4150 1145 4222; x_wconf 89' lang='lat' dir='ltr'><strong>ascendendo,</strong></span> <span class='ocrx_word' id='word_1_337' title='bbox 1171 4152 1208 4214; x_wconf 92' lang='lat' dir='ltr'><strong>ad</strong></span> <span class='ocrx_word' id='word_1_338' title='bbox 1228 4150 1330 4214; x_wconf 86' lang='lat' dir='ltr'><strong>villam</strong></span> <span class='ocrx_word' id='word_1_339' title='bbox 1348 4150 1499 4235; x_wconf 91' lang='lat' dir='ltr'><strong>sepedicti</strong></span> 
     </span>
    </p>
   </div>
   <div class='ocr_carea' id='block_1_20' title="bbox 296 4256 1499 4346">
    <p class='ocr_par' dir='ltr' id='par_1_20' title="bbox 296 4237 1569 4346">
     <span class='ocr_line' id='line_1_38' title="bbox 296 4256 1499 4346; baseline -0.003 -25"><span class='ocrx_word' id='word_1_340' title='bbox 296 4256 462 4338; x_wconf 91' lang='lat' dir='ltr'><strong>Stephani,</strong></span> <span class='ocrx_word' id='word_1_341' title='bbox 480 4256 574 4346; x_wconf 83' lang='lat' dir='ltr'><strong>¹Syod</strong></span> <span class='ocrx_word' id='word_1_342' title='bbox 603 4261 757 4327; x_wconf 78' lang='lat' dir='ltr'><strong>vocatam,</strong></span> <span class='ocrx_word' id='word_1_343' title='bbox 780 4257 833 4319; x_wconf 94' lang='lat' dir='ltr'><strong>ubi</strong></span> <span class='ocrx_word' id='word_1_344' title='bbox 856 4261 886 4318; x_wconf 91' lang='lat' dir='ltr'><strong>in</strong></span> <span class='ocrx_word' id='word_1_345' title='bbox 909 4258 977 4321; x_wconf 94' lang='lat' dir='ltr'><strong>loco</strong></span> <span class='ocrx_word' id='word_1_346' title='bbox 1000 4257 1157 4338; x_wconf 85' lang='lat' dir='ltr'><strong>cujusdam</strong></span> <span class='ocrx_word' id='word_1_347' title='bbox 1175 4261 1300 4341; x_wconf 89' lang='lat' dir='ltr'><strong>antique</strong></span> <span class='ocrx_word' id='word_1_348' title='bbox 1315 4265 1418 4331; x_wconf 89' lang='lat' dir='ltr'><strong>mete,</strong></span> <span class='ocrx_word' id='word_1_349' title='bbox 1446 4277 1499 4342; x_wconf 84' lang='lat' dir='ltr'><strong>que</strong></span> 
     </span>
    </p>
   </div>
   <div class='ocr_carea' id='block_1_21' title="bbox 295 4436 621 4451">
    <p class='ocr_par' dir='ltr' id='par_1_21' title="bbox 295 4436 621 4451">
     <span class='ocr_line' id='line_1_39' title="bbox 295 4436 621 4451; baseline -0.003 0"><span class='ocrx_word' id='word_1_350' title='bbox 295 4436 621 4451; x_wconf 77' lang='lat'><strong>--—-—--··-··-</strong></span> 
     </span>
    </p>
   </div>
   <div class='ocr_carea' id='block_1_22' title="bbox 327 4517 470 4578">
    <p class='ocr_par' dir='ltr' id='par_1_22' title="bbox 327 4517 470 4578">
     <span class='ocr_line' id='line_1_40' title="bbox 327 4517 470 4578; baseline -0.028 -15"><span class='ocrx_word' id='word_1_351' title='bbox 327 4519 353 4578; x_wconf 74' lang='lat'><strong>1)</strong></span> <span class='ocrx_word' id='word_1_352' title='bbox 371 4517 470 4563; x_wconf 81' lang='lat' dir='ltr'><strong>nostra?</strong></span> 
     </span>
    </p>
   </div>
   <div class='ocr_carea' id='block_1_23' title="bbox 0 0 1580 5092">
    <p class='ocr_par' dir='ltr' id='par_1_23' title="bbox 0 0 1580 5092">
     <span class='ocr_line' id='line_1_41' title="bbox 0 0 1580 5092; baseline 0 3"><span class='ocrx_word' id='word_1_353' title='bbox 0 0 1580 5092; x_wconf 95' lang='lat' dir='ltr'><strong> </strong></span> 
     </span>
    </p>
   </div>
  </div>
 </body>
</html>
