3150 5092
869 626 961 698 CCX.

779 765 860 828 reos,
879 765 922 820 aa.
934 765 1043 819 ianuar.

310 954 314 963 .
409 874 470 940 Nos
498 876 658 961 capitulum
695 875 832 941 Albensis
861 876 995 942 ecclesie
1027 876 1107 940 beati
1134 874 1301 959 llpcbaelis
1329 873 1504 957 archangeli

321 985 523 1051 'l'raossiluani
546 988 690 1051 memorie
711 989 972 1061 commendantes,
998 986 1220 1071 significamus,
1244 988 1353 1073 quibus
1374 987 1504 1071 expedit,

321 1093 487 1159 uniuersis:
512 1094 597 1177 Quod
615 1095 796 1161 venerabilis
813 1102 900 1182 pater
916 1097 949 1161 P.
959 1095 988 1183 ¹)
1011 1098 1068 1162 Dei
1089 1098 1188 1177 gratia
1209 1098 1373 1181 episcopus
1388 1096 1504 1159 'l'rans-

321 1202 452 1267 silvanus
485 1203 620 1288 prelatus
638 1211 748 1279 noster,
780 1207 833 1293 qui
855 1206 992 1290 diligenti
1013 1206 1111 1272 studio
1131 1212 1240 1271 statum
1264 1205 1398 1271 ecclesie
1427 1204 1504 1267 beati

321 1310 477 1376 Michaelis
493 1316 695 1396 augmentavit
711 1320 741 1379 et
756 1316 786 1379 in
802 1316 865 1379 suis
881 1314 1123 1400 possessionibus
1139 1314 1178 1379 de
1194 1314 1244 1380 die
1258 1315 1289 1378 in
1305 1313 1387 1379 diem
1402 1313 1505 1378 studet

319 1422 463 1505 ampliare
485 1421 521 1487 ad
544 1426 675 1487 nostram
699 1424 850 1489 accedens
872 1425 1060 1509 presenciam
1082 1424 1241 1489 consessus
1262 1423 1338 1488 dixit
1360 1423 1503 1507 quasdam

213 1546 217 1555 ’
320 1530 393 1595 duas
409 1531 494 1595 villas
507 1551 577 1595 suas
589 1533 777 1617 episcopales
795 1534 962 1615 contiguas,
979 1531 1119 1620 Vpoor2)
1136 1533 1289 1599 etd'olodi
1301 1537 1436 1604 vocatas,
1449 1551 1503 1615 per

319 1640 523 1705 concambium
536 1641 648 1705 aPetro
661 1642 771 1706 comite
782 1640 1025 1727 lilioSampsonis
1039 1642 1209 1725 ctNycolao
1221 1641 1282 1705 filio
1297 1640 1437 1721 ejusdem
1447 1659 1503 1703 nec

317 1768 376 1813 non
392 1754 422 1813 et
445 1750 621 1833 amagistro
638 1750 729 1817 Saulo
754 1751 848 1815 fratre
869 1752 965 1834 ipsius
988 1751 1106 1815 comitis
1122 1750 1214 1821 Petri,
1238 1750 1380 1834 provilla
1403 1749 1502 1813 sancti

316 1858 400 1942 regis
410 1855 439 1942 ⁸)
465 1860 503 1923 de
524 1860 605 1943 juxta
620 1862 745 1932 Aconas,
767 1882 826 1945 que
842 1862 879 1926 ab
907 1862 1027 1946 antiquo
1051 1860 1231 1943 episcopalis
1257 1860 1358 1923 fuerat
1373 1858 1412 1923 ad
1437 1877 1501 1921 eom

318 1973 354 2032 et·
367 1988 421 2052 per
439 1988 506 2033 eum
526 1968 562 2031 ad
582 1971 783 2055 episcopatum
809 1970 964 2035 deuolutos
983 1973 1118 2054 inspecta
1135 1970 1262 2034 vtilitate
1282 1974 1365 2032 terre
1386 1974 1419 2032 et
1435 1966 1502 2033 ville

317 2076 457 2162 bounat)
478 2082 583 2143 vocate
602 2100 659 2163 que
678 2080 756 2145 inter
767 2085 876 2153 terras,
890 2085 921 2143 et
938 2081 1149 2165 possessiones
1161 2077 1351 2163 episcopales
1360 2075 1500 2163 Gyolo⁵)‚

317 2191 347 2249 et
363 2182 500 2269 Fenest)
518 2188 574 2251 sita
599 2189 699 2253 existit
716 2209 770 2271 pro
793 2191 858 2271 ipsa
874 2194 954 2253 terra
975 2209 1028 2252 seu
1044 2188 1113 2253 rilla
1127 2190 1232 2260 Lonc⁵
1260 2186 1415 2251 celebrato
1433 2207 1504 2271 per-

318 2296 488 2359 mutationis
504 2300 659 2361 contractu
677 2297 787 2383 blplrud
806 2299 886 2362 bano
909 2298 1138 2381 presencialiter
1157 2318 1257 2362 coram
1275 2295 1363 2359 nobis
1381 2315 1502 2380 compa·

315 2406 393 2467 renti
412 2410 443 2467 et
464 2425 519 2488 per
536 2425 601 2469 eom
625 2408 687 2471 suis
703 2407 870 2488 heredibus
889 2408 1073 2471 beredumue
1090 2427 1209 2471 suorum
1226 2404 1458 2469 successoribus
1473 2405 1502 2467 in

316 2514 518 2579 concambium
532 2514 655 2580 dedisse
672 2522 702 2579 et
713 2516 886 2588 tradidisse,
905 2521 935 2581 et
951 2537 1006 2600 per
1023 2518 1119 2600 ipsum
1131 2515 1240 2600 ldylrud
1252 2516 1364 2578 Renum
1381 2514 1501 2579 nomine

314 2642 380 2696 suo,
404 2628 434 2687 et
457 2624 574 2687 nomine
602 2624 726 2690 filiorum
752 2647 871 2690 suorum
893 2625 1016 2709 Nycolai
1033 2624 1175 2689 videlicet
1190 2625 1350 2695 Demetrii,
1368 2628 1399 2685 et
1413 2621 1498 2687 Petri

313 2736 403 2815 prout
437 2752 472 2795 ex
501 2733 692 2797 confessione
719 2735 813 2817 ipsius
842 2737 976 2798 constitit
1002 2754 1070 2797 esse
1097 2739 1238 2818 receptas
1265 2737 1296 2795 et
1323 2731 1442 2795 habitas
1472 2734 1500 2792 et

313 2848 422 2905 terram
444 2842 510 2906 siue
526 2843 624 2907 villam
645 2842 737 2915 bona,
754 2865 842 2928 quam
860 2867 875 2908 a
892 2851 978 2928 parte
991 2844 1163 2906 monasterii
1173 2840 1273 2905 Garab
1292 2841 1341 2904 ubi
1358 2840 1435 2903 idem
1453 2841 1500 2903 ius

313 2957 488 3034 patronatus
505 2952 629 3022 obtinet,
647 2954 823 3037 asseritper
841 2954 1045 3017 concambium
1057 2953 1093 3016 ad
1111 2972 1145 3014 se
1161 2951 1341 3022 deuolutam,
1358 2951 1389 3013 in
1405 2950 1452 3013 ius
1470 2953 1501 3012 et

312 3062 529 3143 proprietatem
554 3064 647 3146 ipsius
666 3062 780 3126 domini
797 3061 931 3146 episcopi
948 3069 979 3125 et
995 3083 1051 3146 per
1069 3082 1136 3126 eom
1152 3080 1273 3125 suorum
1287 3078 1498 3124 successorum

311 3169 549 3235 irrevocabiliter
564 3171 755 3235 transtulisse
765 3172 816 3254 jus
833 3171 954 3235 dominii
968 3179 998 3234 et
1011 3170 1214 3254 possessionis
1228 3169 1306 3254 quod
1318 3169 1378 3252 ipsi
1388 3166 1498 3249 blplud

312 3276 389 3341 bano
406 3284 437 3341 et
453 3279 522 3344 filiis
538 3280 600 3343 suis
618 3280 647 3343 in
661 3281 796 3365 predicta
812 3280 880 3345 villa
898 3280 1122 3366 competebat,a
1135 3299 1170 3342 se
1184 3278 1302 3361 penitus
1316 3276 1495 3341 abdicando.

310 3387 509 3452 Paccionibus
535 3398 565 3452 et
589 3389 818 3455 condicionibus
847 3391 884 3454 ab
911 3396 1036 3474 utraque
1070 3392 1154 3471 parte
1177 3386 1288 3450 talibus
1309 3387 1491 3449 introsertis.

313 3494 427 3577 Quodsi
444 3498 553 3581 ltlylrud
571 3498 666 3562 banus
683 3505 713 3562 et
730 3499 783 3583 filij
801 3501 857 3574 sui,
876 3522 911 3563 ac
926 3500 1053 3563 liliorum
1070 3497 1199 3561 beredes
1210 3496 1359 3560 dominum
1376 3495 1497 3579 episco-

310 3624 380 3687 pum
397 3610 427 3670 et
444 3626 514 3671 suos
532 3626 727 3673 successores
744 3608 774 3671 in
788 3609 913 3692 pacifica
926 3609 1121 3691 possessione
1145 3613 1228 3670 terre
1251 3625 1304 3669 seu
1325 3603 1398 3667 uille
1416 3604 1495 3667 bona

310 3720 416 3778 tenere
435 3736 492 3780 non
512 3720 638 3799 possent
664 3719 712 3781 uel
734 3717 848 3781 nollent
864 3717 926 3781 suis
942 3715 1096 3781 laboribus
1120 3722 1151 3779 et
1172 3716 1312 3799 expensis
1333 3711 1496 3777 defensore

314 3830 422 3887 extunc
439 3824 478 3889 ad
493 3844 599 3908 penam
616 3831 734 3891 centum
750 3846 915 3889 marcarum
927 3830 1077 3897 tenentur,
1094 3846 1147 3908 pro
1160 3825 1268 3909 quibus
1283 3826 1404 3888 centum
1421 3843 1497 3886 mar-

311 3932 355 3997 cis
381 3932 447 3996 villa
470 3933 568 3998 Almes
595 3933 644 3999 rbi
671 3936 802 3999 ecclesia
832 3934 950 4018 lapidea
976 3934 1006 3997 in
1029 3935 1145 3999 bonore
1171 3933 1251 3996 beati
1278 3932 1428 3997 Demetrii
1454 3930 1496 3994 est

341 4202 366 4262 ¹)
384 4205 475 4249 Petrus.

340 4283 364 4344 ¹)
383 4286 460 4330 blaros
476 4281 552 4341 Ujvrir.

340 4363 364 4424 ³)
382 4366 406 4410 ln
423 4366 465 4410 der
481 4365 590 4411 Urkundc
607 4367 774 4423 vom10.llpr.
794 4367 855 4413 lass
870 4367 968 4421 Mod,
984 4368 1054 4413 bsutc
1070 4363 1215 4423 Szentkirdly
1231 4366 1262 4411 im
1282 4365 1398 4411 tbnrdasr
1414 4364 1493 4411 Cernit.

339 4444 364 4505 ⁴)
381 4443 449 4493 Sndsz
466 4449 529 4493 Lona
545 4450 575 4493 im
591 4449 717 4495 koloscber
733 4448 816 4494 comit

341 4526 364 4587 ⁵)
382 4530 454 4585 Gyalu
469 4531 499 4574 im
516 4530 643 4575 boloscber
660 4528 741 4575 Gemit.

340 4607 364 4669 ⁶)
382 4605 450 4655 szlsz
467 4612 541 4657 leues
557 4609 586 4657 im
603 4611 728 4657 koloscbor
745 4611 827 4656 Gemit.
