3150 5092
1211 309 1262 384 95

68 491 114 556 ibi
141 492 282 556 ascendit
298 513 353 576 per
369 491 446 556 Orth
463 492 500 556 ad
517 493 625 564 locum,
651 491 701 576 qui
718 489 810 571 vulgo
831 487 997 573 appellatur
1019 489 1214 574 Yspanlesey‚
1237 497 1269 554 et

19 599 20 682 ]
67 600 113 664 ibi
131 605 220 665 tenet
235 606 330 664 metas
348 621 415 664 cum
428 605 504 663 meta
522 600 612 664 castri
622 596 667 685 ¹);
692 599 801 663 deinde
822 596 982 662 descendit
1008 618 1063 680 per
1087 619 1174 663 unum
1190 598 1267 663 Crtlr

68 712 108 775 ad
124 717 297 777 torrentem
312 711 430 785 Droch;
459 717 489 774 et
515 731 607 794 super
624 709 730 772 eodem
747 708 849 771 Droch
866 709 1002 771 ascendit
1018 708 1057 773 ad
1072 715 1162 792 caput
1184 709 1266 772 duni

69 819 178 900 lignis,
196 827 228 884 et
242 820 286 884 ibi
302 821 534 884 conterminatur
561 839 627 883 eum
655 819 743 881 metis
767 820 830 901 Apa
867 816 1034 900 comitis2).
1057 817 1090 880 ln
1112 817 1197 881 cuiue
1219 817 1265 880 rei

67 934 163 1011 geste
177 930 381 994 testimonium
397 933 555 1013 presentes
573 926 708 991 dedimus
725 925 842 990 litteras
858 927 952 1008 sigilli
979 925 1074 989 nostri
1103 925 1262 989 munimine

71 1038 303 1111 corroboratas,
328 1037 450 1102 Nicolao
477 1036 649 1120 preposito.
673 1035 798 1099 Alberto
821 1040 961 1104 cantore,
987 1035 1105 1098 Andrea
1128 1034 1264 1102 custode,

68 1149 220 1230 magistro
238 1147 394 1212 Casmerio
410 1147 524 1211 decano
542 1144 744 1209 existentibus
769 1144 876 1207 Datum
899 1163 975 1207 anno
990 1143 1101 1206 domini
1118 1141 1263 1206 milesimo

70 1255 285 1321 ducentesimo
304 1257 491 1339 sexagesimo
509 1274 597 1318 nono.

609 1457 732 1529 xcvu.

537 1595 616 1659 raro,
635 1595 661 1649 o.
681 1595 807 1649 oerore.

165 1727 229 1790 Nos
253 1725 389 1790 Matheus
406 1725 531 1788 vaiuoda
548 1723 764 1810 Transylranie
781 1732 812 1787 et
829 1743 930 1787 comes
944 1722 982 1786 de
998 1723 1102 1788 Zonulr
1118 1725 1261 1787 memorie

73 1833 330 1897 commendamus.
356 1831 512 1915 Siquidem
541 1852 595 1895 nos
616 1838 726 1896 terram
751 1831 928 1895 lnnktelulre
944 1832 1071 1917 partium
1088 1833 1210 1895 istarum
1228 1853 1264 1896 ex

72 1943 244 2006 donacione
260 1941 344 2024 regia
359 1941 426 2002 olim
443 1941 544 2003 comiti
554 1941 672 2004 Andree
685 1939 833 2011 collatam,
846 1945 894 2003 ast
907 1959 942 2002 eo
960 1941 1026 2003 sine
1042 1942 1165 2005 seminis
1182 1941 1264 2004 sola-

74 2053 121 2116 cio
139 2073 158 2114 a
175 2051 254 2114 uiuis
271 2048 445 2121 excedente,
462 2050 540 2112 inter
557 2049 696 2113 comitem
714 2047 886 2134 Cephenum
909 2051 1029 2112 fratrem
1051 2048 1124 2112 dicti
1147 2051 1264 2113 comitis

19 2167 20 2186 ³
72 2160 198 2223 Andree
216 2164 246 2222 et
263 2158 400 2222 abbatem
416 2157 503 2221 beate
525 2158 618 2222 Mario
635 2159 763 2240 uirginis
780 2158 819 2220 de
838 2157 935 2241 Egres
952 2158 1085 2242 parcium
1102 2159 1263 2223 earundem

73 2269 339 2332 Transilnanarum
357 2271 591 2340 controversam,
607 2266 704 2330 eidem
718 2266 820 2330 abbati
833 2265 1019 2349 judicialiter
1034 2259 1262 2333 adiudicandam
1301 2307 1304 2310 ·

76 2375 280 2447 decreuimus,
307 2376 376 2439 hinc
404 2377 531 2440 eundem
556 2375 593 2438 ab
615 2375 693 2439 omni
711 2375 845 2440 ulteriori
862 2377 978 2439 comilis
995 2374 1128 2461 Cepheni
1143 2378 1264 2462 impeti·

75 2487 165 2550 cione
173 2483 253 2565 juris
271 2483 437 2550 absolutum
453 2485 617 2556 reddimus,
634 2491 812 2570 perpetuum
829 2484 985 2549 silencium
1003 2487 1103 2549 comiti
1120 2485 1262 2570 Cephano

77 2614 111 2657 ex
137 2593 278 2656 mandato
295 2593 405 2656 domini
422 2593 515 2656 nostri
532 2595 614 2675 regis
631 2593 829 2678 imponentes.
854 2594 961 2657 Datum
978 2596 1007 2656 in
1026 2595 1058 2657 S.
1077 2593 1214 2658 limerico
1235 2598 1264 2658 in

73 2704 190 2767 octauis
215 2702 396 2784 judiciorum
424 2703 493 2768 festi
524 2704 606 2768 beati
638 2701 797 2768 Michaelis
825 2701 1009 2788 archangeli.
1041 2705 1125 2767 Anno
1154 2704 1264 2768 domini

19 2865 21 2890 ,
73 2810 129 2874 blo.
150 2809 224 2875 CC⁰.
243 2812 475 2895 septuagesimo.

600 3017 737 3087 Xcvlll.

629 3154 710 3209 narr.

164 3281 353 3364 Stephanus,
385 3283 434 3346 dei
458 3284 560 3364 gracia
587 3284 754 3366 Hungarie,
785 3282 959 3354 Dalmatae,
987 3282 1130 3355 Graecia,
1157 3283 1258 3357 Rome,

73 3391 197 3463 Seruie,
227 3389 365 3464 Gallioic,
388 3391 579 3465 Lodomerie,
612 3393 764 3466 Cumania,
792 3393 993 3476 Bulgarieque
1021 3413 1082 3456 rex.
1108 3393 1263 3456 Vuiuersis
1300 3418 1304 3425 ·

73 3499 190 3562 Christi
217 3499 356 3564 fidelibus
384 3506 541 3583 presentes
570 3501 687 3566 litteras
714 3502 895 3584 inspecturis
920 3501 1047 3564 salutem
1074 3502 1103 3563 in
1133 3501 1261 3564 omnium

72 3608 236 3672 salvatore.
262 3607 306 3670 Ad
323 3608 530 3673 uniuersorum
548 3611 680 3674 notitiam
704 3611 808 3674 harum
832 3611 912 3673 serie
932 3608 1066 3675 volumus
1089 3609 1262 3693 peruenire,

76 3715 244 3802 quodcum
263 3715 486 3790 abbicomes,
504 3718 582 3782 lilius
600 3719 708 3803 llrwyn
725 3720 763 3784 de
780 3718 912 3792 Calnul,
935 3723 966 3782 et
985 3719 1075 3791 Teel,
1098 3717 1176 3782 lilius
1193 3717 1261 3788 llbl,

75 3827 115 3890 de
133 3826 241 3898 Brasu,
254 3834 399 3906 cognatus
416 3827 560 3909 ejusdem,
576 3836 662 3911 grata
680 3829 766 3893 nobis
783 3850 904 3912 semper
920 3834 950 3892 et
965 3826 1125 3892 laudabilia
1141 3829 1264 3892 servitia

73 3936 103 4000 in
122 3936 253 4000 diuersis
270 3936 509 4018 expeditionibus
528 3939 733 4021 nostris,quas
750 3959 804 4002 suo
816 3937 883 4002 loco
897 3943 927 4000 et
938 3945 1074 4019 tempore
1091 3958 1144 4001 nos
1160 3936 1263 4001 facere

72 4045 221 4128 oportuit,
246 4048 277 4107 et
297 4043 470 4127 specialiter
492 4047 521 4110 in
544 4053 642 4112 castro
665 4046 896 4120 Febeteuholm,
921 4046 1090 4110 cumomni
1113 4046 1258 4110 fidelitate

111 4388 137 4449 ¹)
155 4385 407 4447 ullvlnyor-vnurya.

110 4468 137 4529 ²)
155 4472 181 4515 l).
198 4470 216 4516 i.
231 4470 272 4515 mit
288 4472 330 4516 der
351 4471 476 4529 Beeitauug
492 4467 605 4528 Arprlstd,
627 4473 664 4518 die
686 4473 731 4518 neit
754 4473 818 4518 alten
835 4473 915 4518 Zeiten
938 4473 981 4516 der
1001 4469 1145 4527 Apali'nchen
1168 4468 1261 4514 Familie

151 4553 260 4610 gehbrte.
