3150 5092
324 363 399 438 174

320 541 388 606 bani
400 540 428 628 ¹)
451 545 585 625 tempore
600 542 792 606 Tartarorum
808 560 864 625 per
879 542 1000 606 eosdem
1017 543 1160 606 Tartarus
1177 543 1316 608 dixerunt
1336 547 1409 626 igne
1433 565 1501 608 csse
1562 560 1563 581 ι

320 654 505 734 consumpta,
530 655 560 712 et
577 650 665 713 etiam
684 653 881 722 concremata,
906 650 986 733 quod
1007 655 1038 713 et
1058 650 1144 714 nobis
1160 673 1214 736 per
1236 653 1344 716 multos
1359 653 1500 727 barones,
1562 682 1563 699 ι

320 764 351 821 et
368 758 483 822 nobiles
506 760 590 840 regni
608 759 701 820 nostri
721 757 855 820 constitit
871 757 1037 830 evidenter,
1053 759 1133 821 illam
1149 764 1180 822 et
1195 759 1329 824 eamdem
1346 761 1502 826 concessi·
1562 756 1563 815 ξ

318 887 383 932 mus
399 866 577 938 libertatem,
595 887 652 952 qua
668 865 803 950 hospites
819 867 913 930 nostri
924 865 964 928 de
976 867 1144 937 Deesahua,
1157 868 1219 931 Zelr
1239 876 1269 932 et
1287 868 1381 933 Kolos
1398 876 1501 952 gratu-
1562 931 1563 935 ,

318 975 421 1038 lantur.
447 976 620 1040 statuentes
644 973 832 1059 specialiter,
854 979 887 1039 ut
902 973 999 1040 nullus
1021 977 1154 1060 voyvoda
1170 985 1272 1040 noster
1289 999 1344 1061 pro
1361 986 1501 1062 tempore
1562 1018 1563 1063 p

317 1084 505 1157 constitutus,
536 1104 571 1149 ac
583 1082 763 1166 parochialis
780 1103 881 1148 comes
899 1083 937 1147 de
951 1085 1085 1157 Thorda,
1102 1088 1150 1151 vel
1167 1087 1312 1151 officiales
1336 1087 1500 1153 eorundem
1562 1096 1563 1145 ι

315 1193 347 1257 in
364 1192 423 1257 ullo
440 1193 563 1257 articulo
581 1212 736 1256 causarum
752 1194 878 1276 possint,
893 1199 924 1256 et
939 1194 1071 1258 debeant
1086 1217 1138 1259 eos
1147 1196 1294 1278 judicare,
1305 1204 1413 1280 preter
1430 1218 1500 1280 per-
1562 1214 1563 1225 ¹

316 1322 418 1366 sonam
450 1306 553 1364 nostre
580 1301 762 1383 majestatis,
791 1300 838 1364 rel
862 1303 1036 1384 magistrum
1057 1305 1296 1368 thaveruicorum
1318 1312 1500 1378 nostrornm,

315 1413 366 1496 qui
386 1431 442 1495 pro
459 1415 594 1493 tempore
612 1411 702 1474 suerit
718 1410 907 1483 constitutus,
928 1431 984 1475 uec
999 1413 1192 1476 residentiam
1208 1415 1323 1477 ratione
1335 1412 1498 1496 judicatus,

315 1539 371 1583 nec
395 1520 541 1602 judicium
568 1519 646 1582 inter
673 1519 797 1582 eosdem
817 1519 930 1592 facere,
953 1521 1000 1584 vel
1016 1543 1160 1586 exercere
1174 1527 1337 1605 presumat,
1355 1545 1392 1587 ac
1408 1525 1499 1586 etiam
1562 1568 1563 1579 ι

313 1627 477 1693 descensus
494 1629 649 1699 violentos,
668 1628 721 1691 sed
737 1646 793 1711 per
815 1628 944 1692 villicum
961 1631 1125 1694 eorundem
1148 1633 1347 1696 communiter
1366 1633 1498 1697 electum

314 1737 441 1802 debeant
452 1737 591 1820 judicari.
615 1734 826 1800 Coucessimus
843 1739 931 1802 etiam
955 1740 1068 1804 eisdem
1091 1743 1156 1804 sora
1177 1744 1251 1806 feria
1268 1747 1353 1806 sexta
1369 1742 1408 1806 ab
1424 1743 1497 1806 hora
1562 1809 1563 1813 ,

314 1847 518 1931 pomeridiana
530 1867 624 1931 usque
641 1846 742 1910 horam
761 1848 958 1930 vespertinam
971 1849 1020 1913 die
1033 1849 1178 1915 Sabbathi
1194 1849 1308 1935 absque
1324 1851 1425 1936 alique
1441 1854 1498 1914 tri-
1562 1932 1563 1945 χ

312 1954 383 2019 huto
400 1957 534 2021 omnihus
557 1956 654 2038 ipsum
675 1955 771 2018 forum
793 1975 883 2019 causa
905 1959 1058 2021 mercandi
1079 1959 1259 2023 intrantibus
1273 1960 1496 2024 celebrandum.
1562 1976 1563 2001 ³

312 2064 474 2128 Statuimus
501 2065 606 2134 etiam,
634 2064 713 2148 quod
735 2063 870 2148 hospites
892 2067 987 2130 nostri
1014 2066 1125 2130 ibidem
1149 2068 1177 2129 in
1201 2068 1321 2131 'lherda
1346 2069 1496 2131 domicilia

310 2173 473 2245 hahentes,
501 2173 539 2238 de
565 2171 714 2237 mercibus
739 2192 841 2236 eorum
868 2175 980 2240 nullum
1004 2177 1148 2240 tributum
1178 2177 1300 2241 soluere
1325 2183 1495 2241 teneantur.
1561 2205 1563 2266 p

309 2282 451 2347 Preterea
468 2283 630 2347 secundum
646 2283 770 2346 sormam
786 2287 881 2347 status
902 2283 1051 2349 libertatis
1068 2286 1191 2350 aliorum
1208 2287 1357 2370 hospitum
1375 2292 1494 2349 nostro·
1561 2268 1563 2324 l

308 2409 382 2464 rum,
399 2393 487 2456 etiam
511 2391 624 2456 eisdem
641 2391 679 2454 de
700 2392 784 2473 regia
810 2390 994 2474 benignitate
1008 2401 1040 2457 ut
1056 2399 1125 2458 ante
1142 2396 1251 2458 festum
1268 2395 1350 2460 beati
1371 2394 1494 2458 llartini

308 2509 376 2565 octo
394 2502 498 2566 diebus
515 2501 647 2586 proxime
666 2499 907 2584 precedentibus,
924 2502 1015 2566 iidem
1028 2505 1108 2567 sales
1120 2505 1151 2567 iu
1167 2505 1238 2568 salis
1255 2504 1365 2568 fodinis
1380 2505 1493 2567 nostris
1562 2573 1563 2586 χ

309 2608 433 2673 liberam
461 2631 514 2695 pro
542 2631 576 2672 se
605 2608 775 2682 exercendi,
800 2619 831 2673 et
852 2610 1002 2674 uendendi
1018 2610 1148 2676 habeant
1163 2613 1344 2677 facultatem.
1367 2612 1494 2696 insuper
1561 2626 1563 2717 p

309 2721 399 2783 etiam
417 2715 557 2802 quasdam
573 2723 670 2783 terras
687 2726 807 2782 nostras
824 2719 990 2792 lldlhdddh,
1007 2720 1108 2784 Udvar
1129 2719 1312 2804 hlylrthelelr,
1331 2727 1364 2784 et
1388 2722 1493 2786 silvam
1561 2740 1563 2814 p

1562 3236 1563 3273 l

1562 3303 1563 3343 ι

1562 3347 1563 3384 l

307 2835 438 2893 bosham
461 2827 564 2911 Kiraly
588 2827 692 2910 erdeje
714 2833 859 2900 vocatam,
884 2829 960 2892 ultra
982 2829 1103 2893 Thorda
1127 2829 1291 2912 hasedehja
1313 2831 1491 2894 existentem

307 2959 363 3023 pro
380 2958 426 3010 eo,
448 2942 481 3002 ut
496 2958 635 3002 uumerus
659 2957 761 3001 eorum
783 2938 889 3019 augeri
909 2941 1013 3021 possit,
1037 2936 1232 3022 relinquimus
1252 2938 1368 3004 eisdem
1389 2941 1493 3022 possi·

307 3047 445 3120 deudam,
467 3053 555 3130 prout
582 3053 669 3110 antea
691 3046 728 3109 ah
750 3048 871 3131 antiquo
897 3047 1130 3114 dinoscehantur
1144 3049 1329 3133 possedisse.
1355 3048 1388 3111 ln
1405 3049 1491 3130 cujus

234 3237 237 3242 ι
307 3157 353 3219 rei
375 3155 557 3230 memoriam,
579 3159 611 3218 ut
632 3160 728 3218 status
751 3154 897 3218 libertatis
921 3155 1066 3220 dictorum
1082 3156 1233 3241 hospitum
1249 3162 1420 3221 nostrorum
1436 3176 1490 3239 per

307 3285 361 3328 nos
377 3264 548 3336 innovatus,
577 3268 608 3326 et
630 3284 795 3328 concessus
817 3263 918 3328 firmus
946 3271 977 3328 et
1003 3266 1198 3329 inconcussus
1225 3272 1407 3349 permaneat,
1435 3285 1490 3328 uec

306 3393 453 3460 processu
468 3373 611 3456 temporis
627 3372 725 3436 valeat
740 3391 796 3456 per
812 3375 980 3458 quempiam
996 3377 1161 3448 munsteri,
1185 3381 1342 3460 presentes
1359 3396 1488 3439 conces·

305 3484 395 3548 simus
413 3483 515 3546 literas
544 3478 670 3566 duplicis
696 3480 788 3564 sigilli
809 3484 905 3546 nostri
927 3482 1086 3546 munimine
1110 3483 1277 3547 roboratas.
1301 3483 1412 3547 Datum
1433 3503 1486 3568 per
1562 3468 1563 3489 ¹

304 3612 408 3656 manus
425 3591 548 3656 discreti
564 3592 620 3654 viri
634 3589 768 3674 magistri
784 3590 939 3655 Theodori
955 3591 1087 3656 ecclesie
1103 3593 1242 3657 Albensis
1257 3594 1407 3677 prepositi
1423 3594 1485 3656 aule

305 3706 409 3766 nostre
424 3703 490 3766 vice
507 3697 686 3772 cancellarii,
701 3698 804 3764 dilecti
820 3705 851 3763 et
867 3699 964 3764 fidelis
981 3702 1086 3765 nostri.
1112 3703 1194 3766 Anno
1211 3702 1322 3766 domini
1332 3701 1483 3767 dccxci.

305 3811 391 3892 regni
409 3814 506 3874 autem
524 3809 619 3873 nostri
636 3828 712 3873 anno
728 3809 836 3893 primo.
960 3807 963 3812 ’

800 3977 979 4050 CLXXVII.

852 4113 929 4170 ress.

393 4226 525 4292 Andreas
543 4225 598 4288 Dei
615 4225 711 4306 gratia
734 4224 896 4307 Hungarie,
921 4223 1079 4297 Dalmatie,
1101 4223 1231 4297 Croatie,
1246 4224 1352 4294 Rome,
1366 4223 1480 4294 Servio,

302 4337 442 4408 Gallicis,
470 4333 663 4406 hodomerie,
692 4332 893 4418 Bulgarieque
922 4355 984 4398 rex.
1018 4333 1163 4397 Omnibus
1193 4333 1305 4403 Christi
1333 4332 1478 4403 fidelibus,
1562 4358 1563 4379 1

335 4517 359 4578 ¹)
375 4518 418 4564 Die
428 4520 496 4564 Reate
507 4517 583 4563 dieses
594 4515 715 4561 Schlosses
726 4514 777 4559 sind
796 4513 835 4559 hei
851 4516 902 4560 dem
913 4515 1064 4560 Edelhofdes
1075 4514 1158 4560 Dorica
1175 4513 1251 4559 uiues
1262 4511 1293 4559 im
1310 4515 1479 4573 thorcnburger
1562 4522 1563 4547 ι

375 4601 472 4647 Comitat
489 4615 517 4646 zu
534 4601 611 4645 seben.
