3150 5092
312 317 385 389 168

307 493 509 556 universorum
527 492 677 566 noticiam,
689 498 795 558 tenore
811 496 998 579 presencium
1015 493 1118 560 barum
1130 495 1212 557 serie
1229 493 1364 558 volumus
1381 514 1490 577 perne-

307 603 381 666 nire.
390 601 476 683 Quod
487 602 668 668 accedentes
681 602 716 666 ad
734 608 865 668 nostram
882 603 1070 688 presenciam
1085 604 1218 667 vnioersi
1230 601 1324 666 Siculi
1341 601 1438 667 nostri
1453 601 1490 666 de

307 711 414 776 licead
433 731 525 795 super
541 715 622 774 terra
643 714 756 775 Arauas
781 712 962 783 residentes,
985 712 1182 776 exbibuerunt
1197 711 1282 774 nobis
1298 711 1489 794 priuilegium

309 819 441 884 bolizlai
458 821 539 900 regis
556 819 680 885 illustris
697 819 933 892 recordacionis,
954 819 1102 884 karissimi
1115 822 1216 884 fratris
1232 821 1328 883 nostri
1344 819 1491 903 patruelis

308 948 400 1012 super
420 929 501 992 facto
524 929 697 992 collacionis
720 928 873 992 cuiusdam
891 936 974 993 terre
1002 931 1092 993 castri
1114 931 1207 994 nostri
1224 929 1262 991 de
1276 927 1390 1000 lurda,
1405 928 1491 992 Aro-

308 1058 410 1122 nyooo
425 1041 542 1108 vocate,
559 1038 636 1101 iuxta
653 1037 760 1101 fluuios
776 1043 808 1100 et
819 1037 899 1100 inter
913 1037 1020 1101 liuuios
1032 1037 1144 1109 Morus,
1162 1042 1192 1101 et
1207 1039 1319 1102 tranas
1335 1036 1492 1100 existentis

309 1146 476 1212 coniectum
494 1150 632 1229 petentes
646 1165 661 1207 a
678 1145 763 1209 nobis
781 1163 849 1209 enm
859 1145 1015 1218 instancia,
1035 1153 1064 1209 rt
1079 1147 1176 1229 ipsum
1192 1145 1383 1230 priuilegium
1400 1145 1494 1208 colla·

309 1256 426 1319 cionem
443 1253 523 1318 dicte
539 1257 621 1316 terre
645 1252 683 1316 de
705 1253 892 1335 benignitate
908 1254 994 1336 regia
1009 1254 1185 1325 innonondo,
1207 1261 1302 1318 ratum
1317 1255 1443 1326 habere,
1463 1262 1494 1319 et

309 1369 411 1428 nostro
437 1362 627 1444 dignaremur
656 1362 818 1446 priuilegio
847 1362 1040 1434 confirmare:
1077 1363 1160 1426 cuius
1189 1363 1309 1446 quidem
1337 1363 1493 1446 privilegi]

309 1479 396 1538 tenor
411 1470 478 1536 talis
495 1475 552 1535 est.
561 1469 671 1557 (Siehe
684 1470 733 1535 die
744 1471 888 1535 Urlnnde
904 1492 970 1536 vom
980 1471 1032 1536 18.
1040 1471 1126 1554 Sept.
1140 1471 1237 1535 1289.
1249 1472 1303 1536 Nr.
1316 1470 1411 1558 ΟΜ.)
1428 1471 1493 1536 Nos

310 1584 408 1666 itaqua
430 1581 516 1644 iustis
539 1579 740 1663 peticionibus
767 1580 970 1664 predictorum
992 1580 1160 1645 Siculorum
1182 1584 1351 1644 nostrorum
1371 1583 1493 1651 fauora-

310 1691 398 1755 bilem
416 1709 595 1756 consensum
612 1687 799 1762 exhibentes,
821 1696 1017 1754 recensentes
1034 1691 1157 1753 maxime
1181 1691 1310 1754 seruicia
1326 1689 1494 1754 eorundem

311 1798 464 1884 Stephano
487 1799 554 1882 regi
572 1796 653 1862 clare
675 1797 816 1862 memorie
837 1799 965 1882 patrueli
989 1805 1092 1862 nostro
1108 1798 1275 1869 karissimo,
1302 1802 1334 1861 et
1349 1797 1494 1864 Ladizlao

311 1911 378 1990 regi
406 1907 532 1972 illustris
554 1906 778 1972 recordacionis
807 1907 892 1970 fratri
921 1911 1023 1970 nostro
1046 1908 1173 1991 patrueli
1202 1906 1331 1970 fideliter
1359 1907 1496 1972 exhibita

312 2021 342 2080 et
356 2017 499 2098 impensa,
518 2015 682 2101 predictam
698 2020 809 2078 terram
826 2017 917 2079 castri
937 2017 1030 2079 nostri
1047 2015 1086 2079 de
1101 2016 1201 2079 Torda
1218 2015 1334 2078 Oronos
1360 2025 1496 2082 vocatam

311 2122 399 2189 simul
411 2143 475 2186 cum
487 2123 580 2188 terris
592 2124 810 2208 pertinentibus
823 2124 858 2187 ad
873 2126 1006 2201 eandem,
1016 2124 1159 2188 Felvinch
1168 2124 1495 2210 scilicetEurmenus1)

311 2231 548 2318 Hydustelule),
566 2233 688 2316 ltledyes
699 2232 744 2318 8),
760 2232 987 2319 0010000001),
1005 2233 1134 2297 lluhach
1145 2233 1189 2317 ⁵),
1207 2233 1420 2320 llerchecst),
1438 2237 1498 2298 Ba·

311 2361 391 2426 gyon
403 2341 450 2427 ⁷),
483 2342 643 2427 Kuend⁸)‚
666 2341 877 2429 Turdavart),
906 2339 1100 2427 elegero),
1138 2342 1323 2428 lgreehio),
1366 2344 1498 2427 Perdam
1558 2337 1559 2420 ξ

312 2450 521 2534 Kerelrygbaz,
538 2450 628 2534 Hory‚
646 2449 801 2534 Wytelol,
817 2450 993 2515 Polantelulr
1004 2450 1058 2537 ¹²),
1075 2451 1207 2536 Fynzeg,
1222 2452 1355 2532 Bagacb‚
1371 2453 1495 2538 Lynly·

311 2558 402 2632 telulr,
416 2557 583 2631 Zetetelulr,
601 2558 751 2630 lluebard,
768 2558 899 2641 Feligaz,
917 2559 1411 2634 Feuldrar,llelolrlul,Turuskou
1428 2583 1499 2626 cas·

309 2674 387 2732 trum
403 2668 521 2732 scilicet
536 2687 691 2732 commune
707 2687 773 2730 cnm
788 2668 1021 2751 prouincialibus
1037 2667 1223 2732 Chaloteluk
1235 2669 1297 2750 11),
1316 2669 1498 2752 Farbaszug
1558 2734 1559 2737 ,

311 2782 342 2840 et
358 2776 527 2840 Obrothusa
545 2778 671 2849 uocatis,
699 2795 735 2840 ac
757 2777 825 2840 aliis
841 2778 977 2841 omuibus
994 2777 1156 2842 earundem
1172 2777 1378 2860 pertinenciis,
1402 2779 1497 2863 syluis
1558 2768 1559 2823 Ῑ

309 2885 462 2957 videlicet,
475 2886 595 2959 tenetis,
609 2888 714 2969 pratis,
730 2889 822 2950 terris
838 2886 1012 2960 arabilibus,
1023 2892 1054 2955 et
1069 2889 1153 2971 aquis
1169 2885 1362 2970 relinquimus
1379 2889 1496 2952 eisdem
1558 2908 1559 2967 ξ

309 2994 430 3079 Syculis
448 2995 568 3068 nostris,
585 2995 649 3060 siue
666 3002 765 3060 tamen
781 2996 947 3079 preiudicio
964 2997 1053 3060 alieni
1068 2997 1153 3080 juris,
1171 2996 1392 3079 possidendam,
1422 3019 1497 3081 pre·
1558 2976 1559 3061 s

309 3105 420 3170 dictum
451 3083 638 3189 priuilegium
669 3105 820 3170 karissimi
852 3106 955 3171 fratris
984 3108 1076 3170 nostri
1105 3126 1162 3170 non
1193 3103 1408 3176 cancellatum,
1437 3127 1496 3171 non

309 3214 465 3290 abrasum,
488 3215 596 3278 necin
624 3214 721 3299 aliqua
751 3214 798 3278 sui
829 3219 916 3298 parte
943 3214 1133 3287 diminutum,
1159 3218 1254 3277 ratum
1295 3212 1436 3279 babendo
1465 3225 1496 3280 et

308 3328 465 3406 acceptum
479 3321 516 3384 de
534 3321 627 3384 uerbo
644 3322 680 3385 ad
698 3322 823 3386 uerbum
839 3323 1030 3406 presentibus
1046 3325 1200 3394 insertum,
1216 3322 1381 3406 patrocinio
1397 3325 1494 3386 nostri
1558 3316 1559 3319 '

307 3429 459 3514 priuilegij
476 3429 610 3494 duximus
627 3429 870 3495 confirmandum.
895 3430 927 3495 ln
944 3432 1027 3494 cuius
1044 3432 1087 3495 rei
1104 3433 1274 3495 memoriam
1298 3437 1490 3515 perpetuam·

307 3560 365 3625 que
392 3538 571 3615 firmitatem,
596 3545 756 3623 presentes
785 3540 991 3604 concessimus
1016 3541 1117 3604 literas
1143 3540 1271 3623 duplicis
1288 3539 1382 3622 sigilli
1398 3542 1494 3604 nostri

307 3648 467 3711 munimine
483 3647 648 3714 roboratas.
663 3649 770 3712 Datum
787 3669 842 3732 per
858 3669 962 3713 manus
979 3651 1102 3714 discreti
1119 3649 1175 3714 viri
1190 3648 1493 3733 magistri'l'beodory

305 3757 442 3820 Albensis
470 3758 602 3822 ecclesie
628 3758 790 3841 prepositi,
819 3759 885 3823 aule
910 3765 1013 3822 nostre
1034 3755 1293 3839 vicecancellarij,
1320 3757 1441 3829 dilecti,
1463 3761 1493 3820 et

307 3867 406 3931 fidelis
424 3871 528 3930 nostri.
553 3868 636 3931 Anno
652 3866 762 3932 domiui
784 3865 896 3931 ll⁰CC⁰
918 3867 1110 3948 nonagesimo
1132 3868 1238 3950 primo.
1267 3866 1367 3949 Regni
1394 3873 1490 3931 autem

305 3976 399 4041 nostri
413 3995 488 4039 anuo
509 3977 616 4060 primo,
633 3976 693 4040 llll.
706 3975 773 4040 idus
786 3975 905 4059 Marcij,
917 3975 1135 4041 venerabilibus
1151 3974 1285 4059 patribus
1293 3975 1492 4040 Lodomerico

303 4085 515 4167 strigoniensi,
529 4090 559 4148 et
574 4083 709 4148 Jobanne
726 4084 884 4149 Coloceusi
900 4084 1148 4169 archiepiscopis.
1172 4083 1291 4148 Andron
1303 4083 1487 4155 taurinensi,

303 4194 466 4258 benedicto
483 4193 713 4276 Vesprimiensi,
731 4195 844 4259 Pascha
862 4194 1026 4281 Nytriensi,
1051 4194 1167 4258 Andrea
1180 4193 1329 4277 bgriensi,
1347 4193 1487 4257 Ladizlao

333 4472 356 4534 1)
375 4465 507 4528 bmtnyes.
526 4470 550 4532 ²)
568 4473 645 4519 llirlas.
663 4470 687 4533 ³)
705 4467 807 4519 Meszlb.
826 4470 852 4533 ⁴)
868 4473 978 4519 liombro.
996 4470 1021 4533 1)
1039 4470 1140 4520 Mohics.
1164 4470 1189 4532 1)
1205 4473 1318 4519 Keresed.
1336 4470 1361 4533 7)
1381 4469 1483 4532 Ba'gyon.

375 4551 399 4608 ⁸)
416 4555 520 4600 llbvenrl.
539 4553 564 4614 ⁹)
581 4552 693 4602 Virialra.
712 4554 749 4617 11)
768 4558 865 4616 Cragon.
884 4554 921 4617 11)
939 4556 1061 4602 lnakimva.
1079 4554 1117 4616 11)
1134 4551 1212 4614 Polio.
1231 4552 1269 4615 ¹⁸)
1287 4555 1373 4602 Csako.
