3150 5092
573 283 621 353 {3

563 457 829 529 eisdem;
888 476 919 518 a
985 458 1391 521 collectarum
1477 459 1538 516 et
1594 453 1809 538 quibus
1868 449 2001 513 aliis
2066 450 2335 513 Saxones
2386 448 2760 529 obligantur,
2852 447 2976 508 sint

564 570 857 630 immunes
904 554 1246 648 pensione,
1309 561 1442 626 Nec
1506 544 1582 626 ob
1641 560 1995 625 custodiam
2058 558 2469 642 confiniorum
2533 554 2844 618 excubent
2910 555 2973 614 in

567 673 977 758 exploratione
1018 680 1214 754 neque
1261 672 1471 742 etiam,
1530 671 1647 733 nisi
1712 668 1948 754 quando
2012 689 2119 730 rex
2178 668 2237 730 in
2303 668 2542 749 propria
2589 684 2865 748 persona
2913 665 2975 725 in

737 779 1108 864 precesserit
1151 779 1211 842 in
1261 780 1587 844 exercitum
1631 780 1722 840 ire
1765 779 2102 840 teneantur.
2163 774 2562 838 Concedimus
2608 774 2788 836 etiam
2839 774 2995 862 eis-4

569 888 725 960 dem,
785 886 943 972 qued
1000 885 1326 949 secundum
1371 887 1550 949 ritum
1604 905 1713 948 sue
1763 885 1965 967 gentis
2012 884 2308 952 viventes,
2366 902 2558 965 neque
2607 881 2683 960 de
2735 882 2994 957 vineis„

565 1020 713 1080 quae
748 996 861 1076 ipei
897 991 1313 1076 plantaverint,
1361 991 1540 1056 alicui
1605 1010 1868 1076 persone
1930 991 2151 1055 tributa
2194 990 2567 1074 persolvere,
2623 1009 2832 1072 neque
2888 988 2968 1051 de

565 1104 769 1188 pereie
837 1097 930 1164 rel
995 1100 1220 1162 ceteris
1265 1098 1619 1164 animalibus
1683 1100 1839 1171 suis,
1901 1099 2121 1181 quein
2168 1099 2360 1161 libera
2417 1096 2740 1159 eorundem
2801 1095 2966 1158 silva

569 1216 921 1292 peeeuulur,
967 1206 1190 1290 aliquid
1225 1205 1400 1269 alicui
1433 1208 1674 1270 nomine
1722 1207 2084 1272 decimarum
2131 1207 2225 1270 vel
2287 1205 2643 1270 tributorum
2694 1204 2973 1268 debeant

569 1316 950 1400 impendere,
1022 1315 1130 1378 sed
1199 1315 1357 1376 omni
1426 1315 1819 1378 euriasiarum
2046 1315 2445 1398 protectionis
2489 1315 2549 1377 in
2598 1318 2971 1396 perpetuum

569 1424 869 1508 gaudeant
905 1422 1242 1486 munimine.
1285 1421 1460 1503 Quod
1494 1426 1556 1484 ut
1588 1427 1801 1493 ratum,
1838 1442 1909 1485 ac
1943 1422 2164 1486 stabile
2197 1423 2486 1504 perduret
2520 1422 2578 1483 in
2612 1426 2965 1505 posterum,

565 1532 765 1612 eigillu
809 1533 1015 1592 ueetro
1072 1527 1512 1593 confirmamus.
1582 1530 1797 1593 Datum
1846 1551 1958 1614 per
2005 1550 2213 1593 manus
2261 1528 2560 1593 Gocholci
2594 1528 2965 1591 Orodiensis

569 1640 897 1724 prepeeiti,
975 1637 1110 1700 aule
1159 1638 1367 1718 regiae
1417 1635 1795 1708 cancellarii,
1886 1657 2039 1700 anno
2109 1637 2183 1701 ab
2244 1638 2655 1700 incarnatione
2721 1635 2970 1699 Domini

569 1748 877 1808 millesime
940 1745 1353 1808 ducentesimo
1403 1754 1572 1807 sexto
1621 1746 1966 1808 venerando
2012 1743 2244 1807 «Ioanne
2285 1744 2691 1826 Strigoniensi
2755 1745 2969 1807 archi-

565 1860 853 1940 epieeepe
905 1855 1216 1927 existente,
1273 1854 1559 1917 Pertoldo
1619 1852 1902 1918 Colocen.
1952 1853 2235 1919 Villermo
2282 1853 2680 1917 Transiluano
2716 1853 2967 1938 Cepano

569 1964 825 2048 palatine
861 1968 923 2024 et
955 1963 1174 2026 comite
1207 1962 1519 2025 Baciense.

1704 2165 1810 2232 IX.

1444 2317 1606 2381 1211,
1646 2317 1731 2372 15.
1758 2318 1884 2372 Juli.
1914 2319 1955 2372 R
1974 2336 2086 2372 om.

749 2443 1166 2528 (innocentius
1199 2441 1352 2527 ΡΡ.)
1384 2442 1790 2509 Uitrasilvano
1826 2445 2131 2528 episcopo.
2177 2443 2590 2526 Significatum
2625 2450 2724 2508 est
2757 2445 2957 2515 nobis,

573 2556 733 2636 qued
777 2552 1127 2616 ,5ἑὺἱηίθωί
1169 2553 1591 2639 prepositura
1648 2560 1939 2625 vacante,
2000 2576 2119 2638 que
2164 2555 2238 2618 ad
2289 2544 2590 2618 romanam
2638 2555 2967 2619 ecclesiam

569 2660 729 2724 nulle
765 2660 1027 2740 pertinet
1053 2659 1374 2730 mediante,
1410 2658 1667 2724 dilectus
1702 2660 1855 2725 filius
1892 2663 2188 2742 magister
2211 2665 2285 2726 R.
2327 2662 2426 2726 cui
2462 2663 2717 2725 honesta
2752 2663 2968 2726 merita

573 2768 999 2844 suffragentur,
1014 2766 1090 2828 ad
1123 2787 1256 2828 eam
1289 2767 1580 2830 canonice
1614 2773 1707 2832 est
1739 2769 1991 2833 electuS.
2015 2767 2187 2832 Unde
2206 2769 2606 2853 supplicatum
2641 2775 2741 2832 est
2772 2771 2969 2843 nobis,

573 2880 633 2936 ut
669 2876 1021 2936 electionem
1071 2874 1261 2956 ipsius
1325 2876 1683 2940 auctoritate
1740 2877 2127 2960 dignaremur
2178 2876 2511 2959 *apostolica
2588 2876 2968 2940 confirmare.

569 2984 865 3060 Queeiree
901 2980 1262 3044 fraternitati
1295 2986 1397 3045 tue
1428 3003 1540 3065 per
1595 2984 1929 3066 apostolica
1978 2985 2205 3067 scripta
2252 2984 2619 3056 mandamus,
2683 2987 2963 3068 quatinus

573 3088 826 3152 *feritate
861 3087 1210 3167 diligentius
1245 3090 1547 3174 inquisita,
1598 3093 1649 3154 si
1692 3112 1817 3154 rem
1859 3092 2162 3156 inveneris
2197 3093 2275 3155 ita
2318 3112 2479 3162 esse,
2522 3092 2721 3175 ipsum
2757 3099 2968 3156 aucto-

573 3196 753 3256 ritate
789 3202 990 3256 nostra
1017 3194 1358 3269 confirmes,
1394 3200 1572 3282 eique
1598 3198 1921 3271 concedas,
1951 3208 2018 3262 ut
2050 3201 2109 3262 in
2130 3199 2543 3283 spiritualibus
2571 3200 2966 3265 administret.

577 3304 789 3364 Datum
825 3303 1109 3388 Laterani
1142 3303 1340 3367 idibus
1373 3304 1516 3368 Julii
1551 3326 1706 3370 anno
1742 3312 1951 3391 quarto
1989 3291 2278 3371 decimos
2714 3289 2721 3294 “

1732 3525 1811 3593 Χ.

1691 3675 1852 3728 1211.

753 3804 817 3864 ln
877 3801 1110 3864 nomine
1166 3806 1376 3863 sancte
1430 3802 1736 3876 trinitatis,
1798 3808 1858 3866 et
1888 3802 2196 3867 individue
2230 3802 2496 3866 unitatis.
2546 3802 2824 3866 Andreas
2858 3802 2965 3864 Dei

573 3908 769 3992 gratie
841 3907 1178 3989 Hungarie,
1255 3907 1585 3982 Dalmatie,
1679 3910 1950 3983 Croatie,
2033 3910 2246 3982 Rame,
2322 3910 2572 3982 Servie,
2687 3908 2961 3980 Gallicie,

573 4016 1056 4098 Lndemerieque
1086 4035 1194 4077 rex
1226 4017 1285 4077 in
1320 4024 1697 4099 perpetuum.
1756 4018 1917 4089 Inter
1972 4017 2195 4099 regalis
2253 4016 2622 4081 excellentie
2678 4017 2959 4097 insignia,

573 4124 793 4208 quibus
861 4120 1187 4185 recolende
1281 4124 1568 4187 memorie
1656 4110 2109 4188 antecessorum
2204 4129 2549 4189 nostrorum
2643 4123 2963 4188 recolenda

577 4232 861 4292 memeria
893 4229 1234 4310 insignitur,
1278 4229 1438 4292 istud
1473 4229 1869 4295 excellentius
1920 4251 1990 4294 ac
2025 4232 2557 4317 commendabilius
2591 4252 2704 4317 pre
2748 4231 2960 4297 ceteris

577 4340 897 4408 invenitur,
947 4335 1434 4400 commendandis
1481 4337 1838 4424 hospitibus
1887 4338 2169 4418 largioris
2230 4338 2611 4403 liberalitatis
2657 4339 2962 4402 dexteram

577 4444 928 4524 porrigere3
980 4463 1230 4528 quorum
1279 4446 1658 4506 conversatio
1707 4447 1767 4505 et
1810 4444 1972 4508 utilis
2014 4466 2155 4509 esse
2219 4465 2412 4527 regno
2464 4446 2854 4518 discernitur,
2904 4451 2958 4508 et
