3150 5092
639 532 720 602 LXI.

551 667 630 732 1243,
643 669 687 724 27.
701 668 808 723 Ianuar.

171 797 246 859 BeIa
264 797 316 860 dei
329 798 425 879 gratia
442 798 605 879 Hungarie,
622 796 782 868 Dalmatio,
801 793 933 864 Croatie,
951 793 1053 870 Rome,
1069 794 1191 867 Seruie,
1209 794 1283 860 GaI-

69 902 166 975 Iicie,
191 904 392 979 Lodomerie,
416 904 618 990 Cumanieque
644 926 713 976 rex,
737 903 888 968 uniuersis
911 901 1024 966 Christi
1047 901 1187 966 fidelibus
1209 925 1283 988 pre·

71 1015 200 1074 sentem
226 1013 365 1095 paginam
389 1014 573 1098 inspecturis
591 1013 720 1077 salutem
741 1013 772 1074 in
795 1033 867 1076 vero
890 1011 1033 1094 salutary.
1057 1010 1152 1075 Iustis
1174 1017 1283 1095 peten-

72 1119 153 1182 tium
183 1119 350 1183 desideriis
378 1129 495 1203 gratum
528 1122 612 1202 regia
641 1118 787 1184 ceIsItudo
817 1119 908 1185 debet
933 1118 1064 1203 prebere
1092 1138 1282 1194 consensum,

74 1231 110 1290 ut
128 1227 269 1291 fidelium
286 1231 450 1312 propositis
467 1231 506 1294 ad
523 1234 589 1294 vota
603 1229 778 1312 completis,
800 1229 837 1292 ad
851 1228 994 1312 obsequie
1007 1225 1107 1291 debita
1123 1232 1280 1294 teneamus

73 1336 306 1419 prompcicres.
332 1337 407 1402 Hinc
432 1342 494 1410 est,
524 1337 604 1420 quod
631 1337 840 1400 uniuersorum
863 1337 975 1400 notieie
996 1342 1055 1399 tam
1079 1341 1282 1420 presencium,

74 1449 370 1526 quamposterorum
387 1445 522 1508 uolumus
535 1445 602 1508 deri
619 1445 821 1516 manifestum,
838 1443 997 1528 quodcum
1012 1442 1132 1506 fidelem
1149 1451 1282 1509 nostrum

73 1551 292 1616 Laurentium
307 1551 473 1635 voyuodam
485 1557 555 1635 post
571 1553 742 1617 conflictum
754 1552 949 1616 Tartar-orum
963 1549 1000 1614 ad
1017 1555 1122 1634 partes
1137 1553 1283 1636 massyl-

75 1679 177 1722 uauas
207 1659 413 1730 misissemus,
441 1667 473 1724 ut
495 1660 624 1744 populos
649 1666 768 1725 nostros
791 1659 1004 1742 recoIIIgeret,
1034 1663 1065 1722 et
1086 1679 1122 1722 ea
1140 1679 1198 1744 que
1226 1662 1284 1727 sini

74 1767 279 1840 viderentur,
304 1769 334 1829 in
359 1773 439 1830 terra
455 1769 506 1832 iIIa
530 1767 617 1832 nobis
635 1775 665 1832 et
687 1788 782 1852 regno
800 1774 904 1832 nostro
928 1766 1009 1831 utilia
1031 1767 1099 1831 uice
1115 1775 1234 1844 nostra,
1252 1779 1285 1836 et

77 1875 268 1938 auctoritate
291 1875 463 1948 ordiuaret,
490 1874 588 1939 dictus
605 1873 641 1939 L.
664 1876 829 1960 wayuoda,
851 1874 1049 1938 considerans
1070 1878 1225 1940 servitium
1248 1898 1284 1940 ac

77 1981 263 2046 fidelitatem
286 2001 343 2065 per
365 1984 507 2066 quosdam
527 1983 752 2055 Theotooicos,
769 1983 906 2047 Lmotiok
926 1982 1069 2046 videlicet
1090 1984 1230 2047 comitem
1253 1989 1284 2048 et

77 2093 304 2156 Hemanmrm
330 2091 440 2153 fratres
464 2090 550 2154 nobis
574 2089 748 2160 exhibitam,
767 2090 882 2153 eisdem
903 2090 1048 2173 quasdam
1067 2094 1166 2153 terras
1189 2093 1282 2154 castri

79 2198 180 2262 nostri
199 2199 238 2262 de
252 2196 396 2268 Doboka,
412 2197 588 2264 Fatateleke
604 2198 748 2263 videlicet
760 2197 1003 2261 Barnunatetete
1019 2201 1050 2260 et
1066 2196 1285 2279 CbegeteIeIe,

78 2306 213 2370 contulit
245 2311 392 2388 perpetuo
426 2304 644 2387 possidendas,
680 2304 850 2370 Christiano
883 2326 957 2370 uero
992 2326 1102 2391 sponso
1135 2306 1281 2372 dictorum

79 2413 217 2478 LentinIi
238 2419 269 2477 et
290 2413 461 2484 Hermanni,
490 2413 637 2498 quandam
665 2417 776 2478 terram
802 2413 873 2477 ville
893 2413 1023 2495 Nagtalu
1045 2400 1222 2478 existentem
1245 2417 1282 2479 ad

81 2523 195 2605 viginti
218 2527 336 2593 aratra,
361 2520 397 2583 ad
422 2541 476 2585 nos
501 2524 716 2606 pertinentem,
742 2521 869 2586 contulit
896 2521 992 2584 eciam
1015 2520 1053 2583 ob
1075 2524 1282 2586 remuneraci-

78 2651 171 2694 onem
194 2629 317 2710 servicij
347 2628 395 2692 sui
422 2635 453 2693 et
475 2627 627 2692 tideIItatis
651 2633 801 2712 perpetuo
818 2627 1043 2712 possidendam,
1069 2633 1101 2692 et
1121 2630 1180 2692 hoc
1201 2631 1281 2694 idem

79 2738 172 2802 nobis
204 2736 310 2801 retulit
337 2736 436 2799 dictus
465 2738 500 2800 L.
530 2735 683 2821 vayuoda,
713 2757 779 2800 cum
796 2736 986 2821 postmodum
1009 2735 1048 2799 ad
1071 2757 1127 2800 nos
1151 2738 1284 2801 venisset

79 2848 150 2910 uiua
176 2864 266 2909 uoce.
286 2844 366 2909 Dicti
382 2863 455 2908 uero
471 2843 600 2908 LentinIi
628 2850 659 2907 et
682 2843 871 2908 Hermaunus
893 2865 959 2909 cum
975 2843 1145 2908 ChrIstianc
1168 2866 1282 2929 sponso

80 2954 248 3019 eorundem
265 2951 303 3014 ad
320 2972 376 3016 nos
392 2950 575 3016 accedentes
592 2953 776 3035 petiuerunt‚
790 2957 823 3016 ut
838 2953 897 3016 sibi
915 2953 1114 3017 collacionem
1130 2952 1229 3017 tidelis
1246 2955 1282 3017 L.

78 3061 233 3146 wayuode
255 3061 401 3125 antedicti
421 3059 598 3125 confirmare
615 3060 819 3142 dignaremur.
845 3060 908 3125 Nos
924 3060 1026 3144 itaque
1042 3061 1130 3124 iustis
1150 3062 1280 3143 peticio-

82 3170 174 3234 nibus
205 3187 308 3232 eorum
337 3174 519 3242 annuentes,
549 3173 579 3232 et
608 3167 799 3232 collationem
828 3166 928 3232 fidelis
951 3169 1047 3232 nostri
1071 3168 1108 3230 L.
1138 3169 1283 3252 wayuode

82 3277 241 3363 sepedicti
267 3282 361 3340 ratarn
385 3282 415 3339 et
442 3276 557 3340 firmam
579 3276 736 3350 habentes,
761 3275 887 3340 eandem
914 3274 1135 3348 confirmamus,
1159 3281 1190 3339 et
1211 3298 1283 3360 pre·

83 3385 225 3451 sentibus
242 3384 376 3467 scriptis,
393 3385 523 3468 dupIIcis
540 3384 632 3466 sigilli
647 3387 743 3448 nostri
760 3384 919 3448 munimine
935 3383 1097 3456 roboratis,
1120 3386 1285 3449 communi·

85 3515 164 3558 mus.
189 3492 296 3555 Datum
313 3512 389 3555 auno
407 3491 516 3556 domini
535 3490 577 3552 M.
596 3491 805 3556 ducentesimo
824 3491 1055 3575 quadragesimo
1072 3494 1173 3558 tertio.
1190 3493 1283 3558 Sexto

84 3601 232 3666 kalendas
249 3599 416 3681 Februarij,
433 3600 520 3680 regni
537 3604 634 3664 autern
653 3601 747 3664 nostri
765 3619 841 3662 auno
859 3599 976 3664 decimo
995 3599 1107 3686 (sict).

634 3819 732 3890 LXII.

643 3938 723 3992 1244.

177 4048 333 4114 Universis
352 4046 466 4110 christi
483 4045 625 4110 fidelibus
642 4050 802 4129 presentes
826 4047 945 4111 litteras
967 4047 1149 4130 inspecturis
1166 4049 1284 4132 eapitu-

84 4159 147 4222 Ium
165 4155 299 4221 ecclesie
314 4154 518 4220 Jourineosis
535 4152 660 4218 salutem
677 4154 707 4216 in
724 4155 851 4218 Domino
868 4154 1002 4218 salutari.
1019 4155 1065 4218 Ad
1077 4156 1285 4220 universorum

85 4265 223 4330 notitiam
243 4264 378 4327 volumus
400 4263 572 4348 pervenire.
600 4261 686 4342 Quod
711 4264 791 4327 Gelo
806 4263 846 4326 de
860 4264 939 4328 oilla
956 4262 1052 4327 coam
1069 4283 1106 4326 ex
1122 4268 1209 4346 parte
1224 4283 1283 4326 una

86 4379 117 4438 et
133 4375 233 4437 Petro
251 4371 291 4434 de
303 4391 421 4458 ponere
436 4369 688 4458 Sceotdumopos
706 4390 742 4434 ex
758 4369 869 4441 altera,
886 4369 916 4432 in
930 4375 1031 4433 nostra
1044 4369 1198 4453 presentia
1210 4389 1285 4433 con-

85 4480 211 4551 stitutis,
227 4478 308 4542 idem
324 4477 399 4542 Gela
418 4479 484 4544 viva
500 4497 576 4543 voce
594 4482 642 4542 est
658 4479 829 4549 confessus,
843 4478 921 4563 quod
939 4481 1001 4539 tres
1017 4483 1120 4559 partes
1136 4483 1283 4541 terrarum

118 4589 214 4634 nonies.
232 4587 300 4631 soon.
316 4586 343 4631 n.
363 4586 402 4631 er.
420 4588 466 4630 xv.
1051 4583 1067 4636 p
