3150 5092
1208 318 1280 391 167

189 490 252 554 Nos
269 492 361 572 igitur
373 491 570 556 consideratis
588 490 782 556 fidelitatibus
799 498 830 556 et
852 492 1041 556 seruitiorum
1057 495 1173 558 meritis
1188 495 1284 578 ipsius

103 600 215 665 comitis
233 599 378 683 nyonisii,
394 600 539 684 prefatam
556 601 780 684 possessionem
789 600 891 685 Lepus
909 607 1045 667 uocatum
1063 624 1130 668 cum
1147 605 1284 668 utilitati-

103 709 155 772 bus
177 714 208 773 et
227 709 418 793 pertiuentiis
431 710 493 774 suis
505 711 654 774 universis
667 711 815 782 dedimus,
829 717 860 775 et
873 712 1054 777 contulimus
1071 713 1168 776 eidem
1181 712 1285 776 comiti

13 875 15 904 4
103 817 242 902 Dponisio
258 822 406 902 perpetuo
422 818 644 902 possidendam.
661 817 770 884 Datum
780 817 857 884 Albe
869 820 1075 906 Transylvane
1090 823 1121 886 in
1137 821 1284 885 dominica

13 985 15 987 ,
101 925 256 990 invocavit.
282 927 365 990 duno
379 925 488 993 domiui
503 925 594 990 MCC.
613 928 805 1007 nonagesimo
820 931 927 1013 primo.

13 1626 24 1951 p

17 2025 23 2079 i

16 2147 27 2355 l

17 1954 24 2000 r

18 2084 26 2146 l

18 2396 26 2555 1

17 2636 23 2780 l

642 1109 764 1184 CLXX.

568 1247 652 1310 1291,
677 1249 719 1304 11.
739 1251 819 1304 11100.

187 1359 251 1424 Νο0
267 1360 401 1424 Andreas
417 1360 473 1424 Dei
489 1361 592 1443 grauia
608 1381 660 1424 rex
683 1361 845 1444 Huugarie.
871 1361 1016 1426 blemorie
1038 1362 1282 1427 commendantes

99 1467 303 1552 significamus
319 1468 426 1553 quibus
443 1470 563 1553 expedit
579 1471 739 1534 uniuersis.
765 1471 851 1553 Quod
869 1492 935 1536 cum
958 1493 1012 1536 nos
1034 1473 1182 1536 uniuersis
1199 1472 1285 1536 nobi·

99 1579 175 1642 libus
199 1576 384 1649 Senonibus,
402 1577 537 1662 Syculis,
559 1585 590 1642 et
612 1577 732 1644 Olaobis
754 1581 783 1642 in
802 1581 938 1663 partibus
955 1579 1184 1664 Transsyluonis
1204 1581 1283 1664 apud

98 1685 204 1750 Albam
228 1685 296 1750 lule
320 1707 376 1770 pro
397 1687 616 1752 reformacioue
638 1695 732 1754 010100
749 1689 912 1754 eorundem
928 1689 1199 1771 congregacionem
1216 1709 1283 1752 cum

98 1798 206 1862 iisdem
229 1796 408 1862 fecissemus
431 1796 469 1862 de
485 1797 610 1861 consilio
627 1800 753 1862 omnium
770 1798 964 1882 prelatorum,
988 1805 1018 1861 et
1034 1797 1176 1861 baronum
1197 1798 1284 1880 regni
1346 1801 1348 1804 ’

99 1908 213 1980 nostri,
237 1926 272 1970 00
289 1911 424 1990 tempore
451 1905 538 1970 nobis
560 1909 778 1981 assistentium,
801 1907 946 1989 magister
962 1906 1091 1995 l'priaam
1105 1907 1232 1972 dilectus
1254 1914 1284 1970 01

97 2015 197 2082 fidelis
228 2019 333 2080 noster
360 2014 501 2098 quasdam
537 2017 746 2099 possessiones
774 2035 844 2080 suas
867 1999 989 2104 1100000
1019 2022 1051 2081 01
1082 2015 1284 2098 cambottam

96 2131 220 2190 uocatas
237 2126 317 2189 iuxta
329 2124 447 2188 fluvium
466 2123 535 2187 Oltb
553 2124 717 2188 existentes
734 2144 876 2188 asserens
892 2145 909 2189 a
925 2145 960 2189 se
975 2125 1108 2189 indebite
1126 2127 1281 2200 alienatae,

95 2234 250 2317 surgendo
266 2234 295 2296 in
312 2233 378 2315 ipsa
395 2233 636 2315 congregacione
651 2238 762 2302 nostra,
786 2231 844 2296 sibi
860 2252 915 2316 per
931 2253 986 2297 000
1001 2233 1087 2297 reddi
1110 2240 1141 2298 et
1163 2235 1283 2298 restitui

93 2345 291 2429 postulasset,
315 2347 347 2406 et
368 2363 461 2427 super
478 2343 534 2406 boc
557 2345 751 2406 instrumenta
770 2361 805 2405 ac
829 2343 988 2426 priuilegia
1011 2363 1065 2406 sua
1087 2342 1282 2415 exhibuisset,

95 2453 218 2516 tandem
237 2473 290 2516 000
307 2450 345 2514 de
360 2451 440 2516 lacto
457 2451 602 2515 dictarum
619 2451 844 2535 possessionum
856 2453 952 2532 magis
966 2450 1124 2514 clarificari
1136 2451 1283 2524 00100100,

94 2569 195 2628 utrum
224 2561 320 2645 ipsius
346 2559 480 2642 magistri
508 2559 614 2641 Vgrini
638 2560 749 2624 luerint
773 2579 830 2624 000
851 2579 905 2631 00,
933 2560 969 2621 ab
992 2559 1105 2622 eisdem
1123 2560 1282 2636 nobilibus,

95 2670 278 2742 Senonibus,
288 2668 419 2754 8000110,
438 2673 468 2731 01
484 2665 605 2731 Olachis
619 2667 779 2750 diligenter
794 2668 902 2753 inquiri
918 2668 1055 2740 fecimus,
1071 2669 1098 2731 si
1114 2668 1194 2732 dicte
1209 2688 1282 2753 pos·

94 2782 252 2844 sessiones
268 2778 305 2841 ad
321 2779 418 2861 ipsum
437 2778 611 2859 magistrum
625 2776 767 2858 Vgrinum
791 2776 983 2841 dinoscantur
999 2778 1076 2840 iuste
1097 2784 1128 2840 et
1149 2777 1284 2858 legitime

95 2889 264 2973 pertinere.
296 2886 353 2968 Qui
384 2886 502 2970 quidem
531 2887 663 2962 uniuersi
694 2890 724 2948 et
751 2886 862 2967 singuli
892 2885 1045 2968 predictas
1073 2888 1282 2969 possessiones

95 2997 215 3078 Fogras
250 3001 281 3058 01
307 2994 483 3058 Zumbotbel
517 3001 638 3058 uocatas
665 2995 760 3078 ipsius
788 2995 921 3077 magistri
949 2994 1071 3076 Vgrini,
1103 3001 1134 3058 01
1161 3015 1282 3060 suorum

94 3110 324 3168 antecessorum
337 3124 417 3176 esse,
435 3107 465 3168 01
473 3103 568 3166 fuisse
577 3103 750 3166 retulerunt.
763 3101 826 3170 Nos
841 3103 942 3184 igitur,
960 3104 1028 3186 quia
1039 3102 1121 3188 ipsas
1133 3105 1283 3186 possessi·

16 3253 17 3294 3
94 3234 171 3277 ones
184 3213 222 3276 ad
234 3213 330 3296 ipsum
343 3213 518 3294 magistrum
526 3212 668 3295 Vgrinum
680 3212 758 3276 iuste
769 3217 801 3278 et
811 3211 946 3292 legitime
958 3211 1087 3277 uidimus
1097 3216 1128 3275 01
1142 3213 1283 3276 scivimus

14 3385 16 3414 u
93 3323 262 3407 pertinere,
273 3341 338 3384 cum
349 3318 484 3384 omuibus
498 3319 672 3386 utilitatibus
685 3339 786 3383 carum
804 3327 834 3384 et
849 3321 1045 3404 pertinenciis
1057 3319 1241 3386 reddidimus
1254 3326 1285 3385 et

94 3430 283 3496 restituimus
298 3431 357 3513 ipsi
374 3430 516 3511 magistro
526 3428 646 3510 Vgrino,
668 3433 698 3492 et
711 3449 766 3512 per
780 3449 847 3493 eum
866 3431 928 3494 suis
944 3429 1108 3495 heredibus
1125 3430 1285 3495 berednm·

96 3561 157 3627 que
167 3559 288 3603 suorum
301 3537 531 3602 successoribus
545 3538 611 3602 iure
624 3543 770 3622 perpetuo
782 3544 814 3603 et
823 3538 1066 3603 irreuocabiliter
1075 3537 1284 3622 possidendas,

13 3629 15 3716 i
95 3669 133 3713 eo
156 3649 265 3719 modo,
292 3652 323 3711 et
350 3667 385 3710 ea
409 3647 607 3731 plenitudine,
631 3647 875 3731 quemadmodum
892 3668 947 3731 per
962 3649 1056 3733 ipsius
1073 3653 1283 3712 antecessores

94 3758 179 3820 dicte
195 3757 405 3838 possessiones
421 3756 521 3819 habite
539 3757 716 3822 exstiterunt
733 3761 763 3819 et
779 3777 931 3841 possesse.
956 3757 1061 3821 Datum
1084 3755 1162 3839 apud
1179 3754 1283 3818 bibam

91 3867 209 3930 101010
230 3865 376 3928 dominica
396 3867 554 3930 inuocauit.
579 3867 662 3930 Anno
680 3864 792 3928 domini
808 3864 939 3929 M⁰.CC⁰.
957 3865 1152 3946 nonogesimo
1177 3865 1282 3947 primo.

620 4050 756 4123 CLXXI.

570 4188 654 4250 1291,
674 4188 717 4242 12.
738 4194 817 4243 11000.

186 4297 322 4361 Andreas
338 4297 392 4359 Dei
411 4297 512 4378 grecia
529 4298 692 4380 Hungarie,
709 4298 871 4371 Dalmacie,
888 4297 1026 4369 Croacie,
1043 4296 1145 4368 Reme,
1163 4295 1282 4370 Serme,

95 4405 430 4479 Gallicie,Lodomerie,
438 4405 589 4482 Cumanis,
602 4407 804 4494 Bulgarieque
813 4428 866 4470 rex
878 4406 1013 4471 omnibus
1021 4405 1133 4469 Christi
1147 4403 1284 4468 fidelibus

13 4497 15 4582 i
93 4519 266 4602 presentem
294 4516 431 4600 paginam
460 4517 658 4601 inspecturis,
682 4517 808 4580 salutem
831 4515 861 4577 in
886 4515 1014 4578 omnium
1037 4512 1197 4577 saluatore.
1237 4513 1283 4576 Ad
