3150 5092
1202 365 1254 438 83

56 546 277 629 possibilitatis
299 550 400 610 nostre
426 548 511 610 modo
535 547 655 610 sincere
675 548 783 610 mentis
801 544 957 610 affectibus
970 543 1132 615 honorare,
1150 563 1254 607 mona·

56 657 191 720 sterium
213 657 252 720 ad
266 657 417 720 ‘honorem
437 656 532 742 ipsius
556 656 690 738 gloriose
714 675 835 738 semper
858 654 985 736 virginis
1012 652 1051 717 de
1067 653 1166 718 Xirob
1187 657 1256 736 post

58 766 226 830 Tartarice
241 766 415 831 vastationis
432 765 543 830 rabiem
571 768 690 849 penitus
713 764 887 837 desolatam,
910 768 943 827 ut
964 763 1021 828 riri
1038 763 1095 828 deo
1112 761 1256 825 amabiles

58 874 174 938 fratres
194 873 315 938 scilicet
331 872 544 938 cisterciensis
560 872 673 938 ordinis
695 873 805 938 devote
820 873 905 936 vocis
925 891 1038 954 organo
1055 870 1178 936 laudent
1193 869 1256 934 vir·

5 987 6 1010 ³
59 984 167 1066 glum
191 987 223 1047 et
250 1005 265 1045 a
283 987 379 1046 matre
402 984 610 1048 misericordie
627 983 866 1048 misericordiam
883 987 1021 1063 satagant
1036 979 1208 1064 implorare,
1224 978 1256 1041 in

61 1097 201 1156 nostram
217 1093 433 1176 protectionem
451 1092 622 1176 recepimus
644 1092 818 1174 specialem,
842 1089 920 1153 hauc
941 1089 1069 1172 gratiam
1093 1093 1125 1151 et
1139 1089 1257 1152 miseri·

5 1247 6 1250 κ
63 1201 212 1266 cordiam.
228 1221 294 1265 cum
323 1199 442 1284 populis
469 1199 606 1282 ejusdem
642 1200 816 1268 monasterii
853 1199 1009 1271 faciendo,
1046 1197 1126 1282 quod
1157 1196 1257 1260 nullus

63 1310 198 1395 rayroda
221 1309 438 1374 Transilranus
469 1319 524 1394 prb
552 1316 687 1396 temporo
715 1310 895 1374 constitutus
925 1328 981 1371 nec
1009 1307 1099 1392 aliqui
1126 1306 1256 1371 barones

68 1440 156 1504 super
182 1419 303 1503 populis
331 1419 513 1483 descensum
529 1421 646 1502 possint
664 1419 767 1482 facere
795 1417 972 1489 violentum,
1004 1437 1061 1480 nce
1087 1418 1257 1480 exactiones

73 1527 167 1612 alique
192 1547 248 1591 seu
273 1526 401 1591 collecte
425 1527 498 1592 alias
520 1528 617 1610 recipi
632 1527 764 1591 debcant
780 1546 873 1610 super
888 1528 982 1609 ipsos,
999 1525 1054 1587 sed
1071 1524 1159 1589 nobis
1171 1524 1257 1605 juxta

65 1637 240 1702 libertatem
254 1635 487 1701 scibiniensium
503 1642 534 1700 et
551 1629 621 1701 cum'
632 1635 874 1701 scibiniensibus
896 1633 1082 1717 respondere
1098 1638 1255 1697 tencantur

65 1754 95 1810 et
125 1747 216 1810 solito
250 1744 352 1810 debito
384 1752 415 1810 et
443 1745 581 1811 collecta.
606 1745 648 1810 Ut
667 1745 759 1828 igitur
784 1747 846 1809 hee
868 1749 971 1808 nostra
995 1742 1141 1805 ordinatio
1164 1741 1258 1805 robur

5 1850 6 1902 ἶ
65 1855 203 1919 obtineat
226 1863 373 1940 perpetue
396 1854 556 1928 firmitatis,
585 1861 745 1938 presentes
767 1854 974 1918 concessimus
993 1852 1110 1916 litteras
1128 1852 1257 1935 duplicis

5 2007 6 2056 3
63 1964 160 2046 sigilli
189 1964 284 2028 nostri
308 1964 467 2028 munimine
488 1965 656 2029 roboratas.
681 1963 790 2028 Datum
812 1984 866 2048 per
889 1983 992 2026 manus
1008 1963 1144 2046 magistri
1159 1961 1258 2026 Bene·

5 2073 6 2102 ³
64 2075 142 2138 dicti
165 2073 313 2157 prepositi
341 2072 515 2138 Orodiensis
537 2075 603 2139 aule
630 2078 733 2138 nostre
757 2071 1018 2138 vicecancellarii
1045 2091 1122 2134 anno
1147 2071 1257 2134 domini

5 2169 6 2210 ³
65 2183 106 2246 ll.
123 2181 185 2247 (10.
200 2183 263 2248 LX.
280 2187 394 2267 quarto.

584 2367 747 2439 LXXXIV.

627 2507 706 2562 1265.

157 2617 331 2700 Stephanus
362 2617 418 2680 Dei
441 2619 536 2699 gratia
554 2617 655 2698 junior
670 2639 724 2680 rex
745 2617 907 2699 Hungarie,
935 2613 993 2677 dux
1016 2611 1252 2697 Transylranus,

68 2731 98 2790 et
116 2725 254 2788 dominus
268 2722 472 2790 Cumanorum.
491 2725 636 2789 Omnibus
653 2731 711 2790 etc.
729 2725 809 2810 quod
826 2744 929 2788 comes
944 2723 1116 2788 Carlordas
1131 2722 1259 2786 (19Τοὶ-

66 2834 162 2900 macb
183 2833 312 2897 dilectus
328 2837 359 2895 et
374 2831 473 2896 fidelis
490 2841 593 2898 noster
608 2835 646 2897 ad
662 2838 793 2897 nostram
810 2833 958 2897 accedens
971 2831 1165 2914 presentiam,
1173 2829 1257 2893 exhi·

5 2923 6 2928 ἵ
66 2944 132 3010 buit
165 2940 253 3006 nobis
284 2942 475 3026 privilegium
497 2942 570 3008 Bele
602 2943 706 3026 regis,
737 2941 888 3006 karissimi
909 2941 1004 3025 patris
1035 2941 1130 3005 nostri
1158 2940 1257 3004 felicis

67 3050 305 3122 recordationis,
333 3071 425 3134 super
448 3053 646 3116 concessione
667 3057 698 3115 et
721 3051 881 3117 donatione
902 3055 986 3114 terre
1007 3051 1126 3134 Legata
1149 3053 1257 3114 vocate

69 3163 253 3231 confectum,
270 3163 377 3242 petens
401 3181 417 3224 a
440 3161 525 3226 nobis
547 3160 708 3232 humiliter,
726 3164 757 3224 et
773 3159 894 3235 devote,
910 3166 943 3224 ut
957 3161 1056 3243 ipsum
1068 3157 1258 3242 privilegium

69 3270 223 3335 ratificare
250 3273 281 3332 et
301 3274 402 3334 nostro
426 3269 617 3354 dignaremur
637 3269 797 3354 privilegio
819 3269 1006 3333 confirmare.
1031 3269 1122 3334 Cuius
1139 3269 1258 3354 quidam

76 3383 166 3444 teum
182 3377 251 3442 talis
268 3382 330 3442 est:
348 3376 452 3463 (siche
468 3377 611 3444 Urbunde
627 3377 679 3442 Nr.
698 3379 772 3450 LIV,
791 3374 919 3462 1233.).
998 3375 1001 3382 ’

161 3486 226 3550 Nos
241 3485 335 3566 igitur
363 3490 420 3549 etc.
446 3488 552 3550 Datum
572 3507 627 3571 per
652 3507 754 3551 manus
778 3485 952 3551 Lodomerii
973 3486 1040 3550 aule
1061 3491 1163 3551 nostre
1179 3488 1263 3551 rice·

73 3595 247 3662 cancellarii
263 3594 376 3668 dilecti,
388 3601 418 3659 et
429 3595 528 3660 fidelis
540 3599 644 3662 nostri.
658 3599 741 3661 Auno
754 3598 866 3662 domini
881 3583 1039 3662 millesimo
1053 3597 1259 3662 ducentesimo

74 3704 266 3790 sexagesimo
283 3705 396 3787 quinto.

592 3893 742 3964 LXXXV.

492 4003 498 4008 ’
626 4032 706 4088 rane.

165 4148 336 4232 Stephanus
365 4144 414 4208 dci
436 4143 534 4226 gratia
555 4141 656 4224 junior
677 4164 731 4207 rex
753 4141 915 4223 Hungarie,
943 4140 1001 4203 dur
1017 4139 1260 4208 Transsilvanus,

73 4259 212 4326 dominus
233 4257 440 4325 comanorum,
462 4253 622 4326 universis,
647 4257 705 4316 tam
730 4250 923 4336 presentibus
947 4268 1036 4335 quam
1058 4249 1168 4313 futuris
1189 4268 1261 4332 pre-

5 4352 6 4426 Ῠ
73 4375 178 4435 sentes
195 4367 313 4431 litteras
329 4362 522 4447 inspecturis,
536 4362 660 4426 salutem
676 4363 707 4426 in
724 4363 853 4426 omnium
866 4359 1026 4424 salvatore.
1050 4357 1123 4422 Cum
1139 4359 1169 4420 in
1186 4356 1262 4420 mul-

73 4477 204 4543 titudine
220 4473 318 4559 plebis
333 4473 428 4538 honor
444 4489 551 4552 regum
571 4470 754 4534 accendatur
782 4478 814 4534 et
841 4472 1009 4541 accrescat,
1025 4468 1132 4530 merito
1148 4465 1262 4548 regalis

75 4587 234 4652 consueuit
250 4583 416 4648 sublimitas
438 4580 576 4665 hospites
593 4579 651 4644 sibi
673 4579 808 4645 subditos
824 4577 1017 4644 libertatibus
1039 4574 1210 4658 premunire
1233 4579 1263 4637 et

1009 4681 1047 4735 6⁸
