3150 5092
1224 296 1298 366 103

86 489 203 570 ipsum
215 487 339 551 Petrum
357 487 524 570 sepefatum
541 487 578 550 ab
594 487 788 570 impetioione
805 491 836 551 et
852 487 1055 552 infestacioue
1073 489 1300 552 intersecciouis

87 595 234 668 Vrbani,
253 596 418 660 secuudum
435 598 560 660 formam
575 595 744 659 litterarum
762 596 944 660 venerabilis
961 598 1055 679 patris
1072 597 1106 660 P.
1124 597 1181 660 Dei
1202 599 1299 677 gratia

86 704 242 788 episcopi
255 705 434 768 transiluaui
447 705 589 788 expedire
602 725 658 786 por
672 705 769 770 omnia
786 705 948 788 capitulum
961 710 1081 769 tenetur
1092 710 1124 768 et
1136 705 1216 789 quod
1234 706 1300 788 ipse

83 812 180 876 idem
190 814 367 897 —capitulo
377 819 499 896 paratus
509 811 716 876 esseeuudem
723 814 844 876 Petrum
858 814 1012 898 expedire,
1025 835 1081 896 pro
1096 834 1131 876 eo
1145 813 1299 884 videlicet,

85 923 179 1006 quod
197 922 308 984 Petrus
323 940 464 1001 maguus,
482 927 570 1004 pater
584 921 681 1004 ipsius
697 920 798 992 Petri,
816 941 884 984 cum
901 923 931 984 in
953 920 1033 985 lecto
1047 921 1167 1002 jaceret
1182 921 1300 1000 egritu-

84 1029 177 1094 dinis
196 1049 272 1094 saue
289 1035 388 1094 tamen
404 1030 502 1094 adbuc
518 1030 635 1101 mentis,
654 1050 689 1090 ex
705 1049 858 1092 consensu
873 1029 929 1092 lilii
942 1029 989 1093 sui
1003 1034 1034 1092 et
1053 1030 1183 1092 omnium
1202 1049 1299 1111 agua·

82 1143 197 1202 torum
214 1158 336 1202 suorum
352 1144 462 1201 terram
479 1157 563 1200 suam
580 1136 712 1200 blereslo
731 1143 877 1206 vocatam,
892 1137 922 1198 in
939 1157 997 1222 qua
1015 1142 1096 1200 terra
1109 1138 1140 1199 iu
1152 1137 1298 1200 bonorem

86 1246 182 1310 beati
215 1245 463 1309 Petri'ecclesia
494 1245 592 1308 extitit
619 1243 658 1307 de
689 1244 841 1328 lapidibus
869 1243 1018 1307 fabricata
1046 1244 1102 1308 sub
1127 1244 1298 1308 testimonio

90 1357 242 1438 episcopi
260 1353 471 1437 suprascripti.
486 1358 516 1416 et
532 1353 636 1417 fratris
652 1353 793 1416 llruslaui
811 1352 952 1416 cruciferi
965 1353 1004 1417 de
1017 1352 1120 1416 'lurda
1133 1358 1164 1415 et
1175 1353 1300 1416 aliorum

90 1464 298 1548 plurimorum
315 1463 344 1524 iu
363 1466 542 1525 testamento
560 1481 613 1524 suo
630 1461 846 1545 perpetualiter
861 1462 997 1544 legasset
1013 1481 1067 1524 seu
1084 1461 1227 1524 donasset
1242 1461 1301 1546 ipsi

91 1571 235 1655 capitulo
260 1571 381 1634 Albensi
402 1570 616 1653 possidendam
641 1575 748 1652 petens
769 1571 894 1652 insuper
918 1574 950 1632 et
970 1588 1082 1650 rogans
1098 1571 1194 1653 ipsum
1212 1572 1298 1653 capi-

90 1678 206 1750 tulum,
223 1678 302 1761 quod
320 1675 410 1740 fllium
429 1697 514 1741 suum
526 1677 647 1740 Petrum
660 1678 698 1741 ab
712 1677 931 1740 interleccioue
944 1677 1054 1741 Vrbani
1066 1681 1192 1760 propter
1206 1679 1299 1740 mise-

90 1785 260 1850 ricordiam
278 1786 358 1849 beati
376 1785 534 1850 Michaelis
550 1806 669 1870 quoquo
686 1786 774 1848 modo
792 1791 896 1869 posset
913 1787 1081 1868 expediret.
1106 1785 1144 1848 ut
1159 1785 1233 1848 licet
1250 1787 1299 1849 bic

92 1898 181 1960 inter
199 1895 353 1979 predictas
366 1902 469 1978 partes
488 1894 604 1960 diucius
621 1895 731 1959 luisset
751 1895 939 1964 altercatum,
960 1895 1081 1958 taudem
1096 1894 1298 1958 mediantibus

91 2004 249 2068 discretis
265 2002 351 2074 uiris.
369 2008 400 2066 et
421 2002 572 2066 nobilibus
590 2023 626 2066 ex
644 2008 745 2064 nostra
763 2001 980 2083 permissione,
999 2006 1031 2064 et
1043 2023 1116 2085 ρ...
1134 2001 1298 2074 voluntate,

93 2115 229 2196 propter
244 2110 353 2175 bonum
381 2111 477 2193 pacis,
506 2111 574 2175 talis
599 2110 786 2194 composicio
810 2111 906 2174 extitit
927 2110 1073 2182 ordinata,
1096 2110 1175 2194 quod
1192 2111 1299 2174 relicte

93 2220 227 2290 Vrbani,
245 2224 277 2282 et
292 2219 332 2283 Μ.
350 2218 411 2281 filio
429 2218 563 2282 eiusdem
581 2238 636 2301 pro
652 2217 872 2281 interieccioue
892 2218 989 2300 ipsius
1007 2217 1118 2280 Vrbaui
1134 2220 1297 2302 capitulum

93 2331 295 2390 memoratum
312 2326 509 2409 quadraginta
526 2345 642 2390 marcas
659 2346 725 2392 cum
741 2325 843 2409 lapide
864 2326 1005 2390 terrestri
1021 2327 1119 2390 solvet
1135 2348 1189 2411 pro
1207 2328 1297 2391 Petro

93 2435 251 2520 prelibato
275 2437 316 2497 ita
344 2439 377 2496 ut
398 2434 544 2517 deinceps
569 2453 625 2498 nec
642 2435 708 2516 ipsa
724 2432 833 2497 relicta
849 2434 963 2498 Vrbaui
983 2438 1034 2498 aut
1049 2434 1129 2498 iilius
1145 2435 1223 2506 aius,
1240 2454 1298 2499 nec

94 2544 192 2628 aliqui
217 2563 253 2606 ax
282 2543 477 2623 cognacioue,
506 2561 560 2604 seu
588 2543 792 2624 generacioue
816 2542 981 2605 eorundem
1013 2544 1134 2606 racione
1158 2543 1297 2626 predicte

93 2653 207 2715 mortis
223 2652 345 2714 Petrum
368 2651 480 2731 atejus
502 2669 701 2713 successores
725 2650 844 2733 possint
866 2649 1055 2731 aliquatenus
1077 2650 1225 2733 impedire
1246 2651 1295 2714 uel

91 2760 126 2822 in
149 2761 198 2822 ius
213 2759 321 2823 iterato
340 2778 479 2822 evocare.
505 2758 617 2820 Omnes
640 2763 740 2820 autem
761 2757 878 2821 litteras
899 2763 959 2821 tam
978 2762 1097 2822 nostras
1114 2779 1202 2842 quam
1219 2759 1295 2822 alio-

91 2887 161 2930 rum
186 2865 314 2928 iudicum
336 2885 411 2950 quas
435 2865 500 2948 ipsa
519 2861 627 2928 'relicta
649 2865 761 2929 Vrbaui
780 2869 830 2928 aut
853 2865 893 2926 Μ.
916 2865 995 2928 filius
1019 2866 1156 2929 eiusdem
1180 2867 1293 2930 babent

92 2974 146 3039 uel
163 2973 315 3036 habebant
338 2993 430 3056 super
446 2973 511 3057 ipsa
529 2977 626 3037 morta
650 2979 802 3038 emanatas
820 2992 922 3037 cassas
943 2980 973 3038 et
994 2974 1140 3037 extinctas
1158 2973 1293 3036 duximus

93 3082 367 3147 sentencioualiter
380 3081 572 3165 judicandas,
592 3088 623 3145 et
635 3084 758 3165 iusuper
775 3080 886 3146 dictam
902 3087 1014 3145 terram
1038 3082 1213 3148 bleresloet
1227 3087 1294 3146 ter·

92 3211 158 3254 ram
177 3211 270 3273 super
281 3209 368 3274 quam
381 3190 518 3254 Vrbauus
535 3209 572 3253 ex
588 3190 791 3254 concessione
807 3189 891 3253 Petri
908 3191 1009 3271 magni
1025 3189 1187 3264 residebat,
1211 3193 1294 3254 simi-

92 3301 169 3364 liter
187 3297 449 3362 sententioualiter
466 3302 495 3361 et
517 3295 670 3363 definitive
694 3297 752 3381 ipsi
769 3298 901 3382 capitulo
914 3298 1039 3362 Albensi
1063 3298 1294 3370 introducendo,

91 3411 125 3473 in
145 3407 370 3491 possessiouem
388 3405 576 3489 corporalem
594 3405 830 3487 adjudicavimus
843 3406 1024 3470 inconcusse
1040 3405 1250 3489 possidendas,
1264 3410 1295 3469 et

93 3517 165 3600 quia
181 3514 311 3578 iudicem
329 3513 449 3597 placare
473 3512 605 3576 debebat
629 3513 789 3596 capitulum
808 3513 845 3576 ad
867 3515 1092 3578 ordinacionem
1108 3513 1292 3597 composito·

93 3645 160 3688 rum
181 3623 265 3705 pacis
281 3625 445 3684 memorate
462 3621 541 3685 idem
560 3620 721 3706 capitulum
738 3621 901 3705 persolutis
917 3622 1166 3706 vigintiquinque
1181 3621 1292 3684 marcis

93 3752 150 3795 nos
179 3730 326 3814 placavit,
355 3734 386 3794 et
406 3731 451 3792 sic
477 3731 572 3792 omnis
594 3749 702 3792 rancor
725 3734 755 3792 et
772 3730 980 3792 controversia
997 3730 1076 3791 iuter
1091 3729 1174 3812 ipsas
1190 3733 1293 3811 partes

94 3836 195 3900 extitit
210 3835 428 3919 perpetualiter
444 3841 562 3900 cassata
588 3840 617 3899 et
633 3837 741 3918 sopita.
766 3837 799 3899 lu
820 3836 905 3899 cuius
922 3837 965 3899 rei
983 3837 1155 3899 memoriam
1172 3840 1203 3898 et
1220 3857 1292 3919 per-

92 3950 216 4029 petuam
233 3943 406 4007 firmitatem
428 3944 546 4008 litteras
570 3949 690 4008 nostras
707 3950 879 4029 presentes,
902 3945 939 4007 ad
958 3946 1139 4028 peticionem
1157 3944 1291 4027 parcium

91 4054 301 4118 concessimus
318 4053 409 4136 sigilli
423 4056 519 4117 nostri
537 4055 697 4117 munimine
715 4054 881 4116 roboratas.
906 4054 1012 4116 Datum
1035 4054 1066 4117 in
1082 4054 1157 4116 Alba
1177 4051 1247 4115 Jule
1262 4054 1293 4116 iu

92 4162 229 4224 crastino
246 4161 353 4225 lbouis
371 4162 516 4244 baptiste.
542 4163 626 4224 Anno
644 4161 755 4224 domiui
768 4159 931 4224 millesimo
945 4161 1152 4225 ducentesimo
1170 4164 1292 4242 septua-

91 4273 213 4354 gesimo
230 4275 346 4354 quarto.
