3150 5092
1238 341 1285 414 13

172 515 261 578 Nulli
278 534 352 597 ergo
367 517 488 579 omnino
503 515 655 580 hominum
679 513 770 578 liceat
787 514 866 583 hanc
887 513 1030 598 paginam
1056 518 1161 579 nostre
1177 516 1289 581 contir-

69 623 229 685 mationis
253 623 421 706 infringere
443 623 492 688 vel
517 625 546 687 ei
569 630 645 687 ausu
672 623 835 685 temerario
858 624 1019 686 contraire.
1045 623 1160 706 Siquis
1189 629 1288 689 autem

69 730 138 792 hoc
157 735 343 814 attemptare
360 731 578 814 presumserit,
603 729 841 811 indignationem
858 730 1071 813 omnipotentis
1088 710 1137 794 dei
1160 734 1192 795 et
1214 733 1290 796 bea·

73 843 187 902 torum
206 838 290 902 Petri
308 843 339 901 et
354 839 438 902 Pauli
455 839 658 922 apostolorum
681 839 745 901 eius
759 857 794 920 se
812 838 930 901 noverit
952 840 1153 901 incursurum.
1178 838 1288 902 Datum

70 945 230 1010 Lateran.
255 938 327 1009 Xlll.
345 945 405 1009 lral.
424 947 506 1010 Maii.
524 945 722 1010 Pontificatus
739 946 836 1008 nostri
852 965 928 1009 anno
946 946 1090 1009 secundo.

651 1149 719 1220 XV.

648 1284 730 1340 1219.

175 1396 209 1458 ln
239 1396 357 1458 nomine
385 1400 488 1459 sancte
515 1394 673 1466 trinitatis,
709 1397 740 1456 et
772 1393 928 1456 indiuidue
955 1393 1088 1457 rnitatis.
1126 1393 1284 1464 Andreas

16 1497 20 1502 ’
75 1503 142 1566 Dei
159 1504 277 1586 gratia,
310 1481 480 1594 Hungarie,
509 1501 673 1576 Dalmatis,
703 1499 841 1572 Croatie,
869 1500 978 1572 Rame,
1003 1499 1128 1572 Seruie,
1146 1500 1284 1572 Gallicis,

73 1609 326 1693 bodomerieque
348 1629 402 1672 rex
424 1610 454 1671 in
477 1613 666 1693 perpetuum
699 1606 772 1670 Cum
793 1626 899 1688 regum
916 1606 1045 1670 omnium
1071 1611 1102 1669 et
1117 1625 1280 1689 regnorum

42 1732 46 1738 ’
76 1719 245 1808 potentia,
260 1737 316 1800 pax
333 1721 364 1780 et
380 1703 528 1781 securitas
545 1718 576 1780 in
593 1715 657 1781 sola
670 1736 792 1780 suorum
809 1714 953 1778 fidelitate
970 1717 1148 1786 consistant,
1177 1714 1284 1776 merito

76 1823 165 1908 apud
189 1825 276 1905 regie
298 1826 470 1888 serenitatis
495 1825 726 1908 prouidentiam,
751 1823 906 1887 fidelitatis
923 1822 1047 1885 firmitas
1065 1819 1176 1886 ceteris
1189 1824 1285 1885 virtu-

75 1932 163 1997 tibus
181 1932 314 2015 politicis
336 1937 383 1996 est
398 1933 599 2016 preferendae
629 1936 659 1995 et
676 1936 785 2016 quanto
803 1951 882 1994 nunc
904 1929 1074 1994 hominibus
1098 1950 1136 1994 ex
1157 1949 1284 2011 corrup-

77 2041 144 2102 tela
166 2035 276 2130 seculi¹
292 2041 483 2106 senescentia
510 2040 641 2112 infestis,
656 2023 696 2102 ⁸et
718 2040 748 2102 in
774 2038 882 2101 malum
900 2039 1004 2120 pronis
1022 2037 1229 2108 existentibus,
1249 2058 1284 2100 ea

77 2149 184 2211 rarior
211 2147 362 2210 inuenitur
388 2148 419 2210 in
442 2149 551 2230 terris,
575 2153 662 2234 tanto
692 2147 813 2210 charior
841 2150 889 2210 est
916 2145 1071 2219 habenda,
1103 2149 1134 2208 et
1160 2145 1285 2228 premiis

81 2251 282 2336 amplioribus
301 2254 532 2338 compensanda.
559 2251 632 2317 llinc
650 2257 707 2325 est,
725 2253 805 2337 quod
822 2273 877 2315 nos
896 2253 1047 2316 inuentam
1071 2252 1102 2314 in
1119 2251 1286 2315 venerabili

81 2366 173 2446 patre
197 2361 362 2433 Jobaooe,
395 2361 620 2450 Strigooieosi?
637 2363 899 2449 archiepiscopo,
932 2368 963 2424 et
987 2361 1122 2424 eiusdem
1153 2361 1287 2424 ecclesie

81 2468 255 2541 canonicis,
280 2467 522 2531 constantissime
553 2467 707 2544 fidelitatis
734 2459 963 2551 ¹prerogatiuam
996 2472 1143 2550 perpetue
1166 2487 1281 2530 memo-

79 2575 128 2638 rie
162 2575 300 2639 duximus
332 2575 618 2648 commendandamr
648 2595 774 2659 eamque
809 2575 868 2638 etsi
898 2573 1135 2647 insufficienter,
1177 2579 1282 2658 utpote

81 2679 204 2746 omnem
235 2681 343 2766 premii
374 2683 549 2767 temporalis
582 2683 765 2746 affluentiam
797 2683 1088 2754 transcendentem,¹
1116 2681 1282 2746 liberaliter

81 2795 185 2853 tamen
201 2778 288 2870 regia
305 2789 495 2853 decreuimus
508 2792 650 2872 largitate
662 2791 838 2854 donandam.
857 2791 929 2855 Cum
943 2791 1021 2854 enim
1045 2811 1099 2854 nos
1128 2794 1282 2874 assumpte

80 2896 338 2980 peregrinationis
371 2894 505 2959 debitum
533 2894 697 2969 reddituri,
714 2896 806 2964 vltra
838 2917 920 2960 mare
948 2897 980 2958 in
1003 2895 1169 2961 subsidium
1198 2902 1281 2960 terre

81 3010 191 3068 sancte
219 3005 383 3068 fuissemus
413 3005 583 3100 profecti,
594 3009 624 3067 et
656 3009 692 3068 ex
722 3005 807 3086 regia
839 2996 1051 3083 sollicitudinis
1090 2999 1280 3088 prouidentia

80 3132 210 3194 regnum
223 3105 379 3194 positum
371 3132 401 3173 m
417 3116 494 3194 pace
511 3098 632 3194 optima,
643 3115 673 3174 et
684 3113 786 3194 quiete
804 3113 1058 3174 commisissemus
1075 3112 1186 3175 nostris
1204 3111 1281 3174 lide-

80 3221 295 3291 lissimis,1am
313 3219 394 3283 dicto
412 3218 540 3310 lohanni
557 3216 799 3304 archiepiscopo,
812 3228 843 3284 et
862 3221 928 3284 aliis
940 3219 1152 3304 quibusdam,
1143 3240 1175 3284 m
1191 3224 1280 3292 statu,

81 3330 189 3412 inquo
216 3329 303 3392 nobis
321 3305 536 3391 recedentibus
553 3329 652 3391 fuerat
674 3327 919 3412 'gubernandum
943 3324 1029 3413 quam
1051 3328 1173 3412 plurimi
1195 3329 1283 3392 nobi-

79 3433 154 3498 lium
179 3436 278 3515 regni,
306 3432 457 3497 satellites
468 3436 607 3506 sathane,
638 3436 751 3516 regiam
773 3457 832 3499 non
857 3434 1000 3502 verentes
1018 3434 1281 3498 offenderemaie-
1302 3485 1306 3491 .

82 3548 204 3614 statem,
229 3543 340 3605 nostris
360 3542 607 3625 dispositionibus
624 3543 698 3607 ausu
715 3546 964 3626 praesumserunt
980 3543 1095 3606 nefario
1118 3544 1280 3614 contraire,

80 3666 191 3732 pacem
214 3647 437 3731 perturbantes,
463 3656 494 3712 et
518 3642 674 3731 ilungaros
703 3650 857 3714 hostiliter
889 3652 1068 3730 affligentes.
1098 3650 1280 3722 Memoratus

80 3762 183 3820 autern
214 3746 485 3840 archiepiscopus,
525 3738 724 3822 iniunctorum
761 3759 819 3823 sibi
847 3755 986 3823 anobis
1019 3758 1279 3846 constantissimus

82 3851 277 3944 obseruator,
295 3885 362 3928 cum
380 3864 518 3948 eligeret,
536 3864 615 3936 mori
627 3861 733 3948 magis,
752 3887 839 3950 quam
855 3869 987 3950 ipsorum
1010 3865 1131 3929 malitiis
1148 3886 1280 3931 consen-

82 3975 151 4048 tire,
170 3974 208 4064 ab
222 3973 338 4043 eisdem
354 3974 486 4055 tyrranis
503 3973 594 4036 rebus
611 3975 748 4038 omnibus
765 3981 797 4039 et
812 3970 1280 4058 redditibus-spoliatus,captus,

83 4102 152 4146 cum
170 4079 278 4144 iniuria
296 4087 326 4144 et
342 4101 456 4145 summo
474 4081 636 4154 dedecore,
654 4086 736 4162 extra
753 4083 933 4164 hungariam
947 4087 997 4146 est
1010 4083 1142 4157 eiectus;
1156 4083 1214 4147 rbi
1224 4103 1298 4165 pro·
1394 4110 1396 4114 ’

83 4193 187 4252 nostra
199 4188 309 4281 gratia
333 4188 465 4252 libenter
487 4207 606 4273 omnem
629 4173 778 4254 sufferens
800 4187 940 4266 inediam,
968 4210 1062 4274 usque
1089 4190 1126 4253 ad
1143 4196 1278 4253 nostrum

81 4275 215 4388 reditum
237 4295 375 4360 exulauit
402 4294 545 4360 Canonici
574 4298 669 4391 etiam
701 4299 859 4362 memorati
885 4281 1021 4395 plurimis
1038 4317 1073 4362 ac
1088 4297 1278 4390 grauissimis

8 4401 10 4406 ’
83 4403 258 4468 damnorum
275 4405 330 4468 et
321 4424 498 4467 rnrurrarum
515 4426 620 4488 poenus
645 4412 675 4470 et
690 4405 883 4491 passionibus
893 4406 1023 4478 atllrctr
1051 4407 1082 4468 in
1105 4425 1160 4469 aue
1176 4405 1278 4469 fideli
1315 4415 1317 4417 ’
1375 4388 1379 4392 ’

82 4512 153 4575 tatis
168 4513 324 4594 proposito
339 4509 577 4595 permanseimunt
595 4512 682 4576 Nos
675 4511 778 4594 rgitur
784 4515 813 4577 in
830 4521 912 4577 tante
932 4511 1085 4575 fidelitatis
1106 4513 1277 4584 memoriam
