3150 5092
677 552 786 623 XXIV.

575 691 656 753 1224,
675 690 701 743 2.
720 691 785 760 hpr.
804 688 889 742 Rom.

227 804 377 868 Honorius
393 839 437 850 -
454 800 711 883 archipresbitero
727 803 810 862 terre
825 800 918 870 Boas,
937 803 968 860 et
982 795 1060 859 ultra
1075 800 1193 859 montes
1210 793 1329 857 nivium.

129 914 287 978 Gerenles
304 911 343 974 de
360 909 444 974 clero
463 913 494 970 et
509 909 621 992 populo
641 911 744 970 terrae
763 908 864 978 Bone,
903 909 935 968 et
962 905 1039 968 ultra
1063 907 1181 967 montes
1206 901 1328 973 nivium,

128 1024 283 1104 tamquam
303 1019 341 1082 de
369 1015 575 1100 spiritualibus
600 1015 683 1078 sedis
716 1013 884 1097 apostolice
906 1013 988 1082 filiis,
1012 1030 1114 1074 curam
1138 1016 1169 1073 et
1194 1009 1330 1072 solicitu-

132 1127 238 1190 dinem
265 1124 446 1209 specialem,
474 1128 505 1187 te
533 1125 608 1206 ipsis
640 1121 749 1205 prefici
770 1121 898 1184 fecimus
922 1120 954 1181 in
978 1118 1268 1202 archipresbiterum
1296 1121 1328 1179 et

132 1238 299 1304 rectorem,
323 1236 356 1296 ut
372 1249 460 1316 quum
478 1236 582 1315 preter
598 1231 760 1293 Romanum
787 1227 961 1312 pontificem
986 1224 1074 1289 alium
1103 1226 1249 1310 prelatum
1270 1242 1330 1286 uon

132 1340 278 1413 habeant,
301 1340 339 1403 ad
359 1348 389 1403 te
405 1340 523 1422 possint
538 1338 651 1401 habere
672 1355 830 1400 recursum
852 1355 907 1419 pro
928 1333 1138 1417 questionibus
1171 1350 1333 1413 emergen-

133 1449 217 1512 tibus
239 1448 400 1520 intereos,
424 1446 549 1532 aliisque
567 1445 712 1516 articulis,
735 1445 786 1527 qui
802 1442 1007 1506 auctoritatem
1024 1461 1078 1505 seu
1093 1440 1329 1504 iurisdictionem

131 1554 374 1618 ecclesiasticam
392 1556 516 1635 exigere
532 1551 723 1622 ridebuntur,
734 1555 764 1614 et
776 1555 827 1613 tuo
844 1552 985 1633 poterunt
1001 1547 1166 1612 ministerio
1183 1543 1328 1627 expediri.

131 1663 175 1726 Ut
202 1666 302 1726 autem
331 1663 520 1726 commissam
553 1661 607 1723 tihi
633 1658 855 1724 solicitudinem
883 1656 1008 1720 liberius
1039 1661 1070 1720 et
1098 1655 1200 1718 utilius
1229 1651 1330 1717 valeas

130 1789 288 1842 exercere,
319 1769 493 1851 corrigendi
526 1787 629 1832 eorum
662 1786 822 1839 excessus,
855 1771 886 1829 et
914 1765 1040 1828 maxime
1063 1762 1260 1831 clericorum,
1292 1778 1328 1823 ac

128 1877 267 1943 rebelles
290 1877 480 1942 districtione
502 1877 647 1940 canonica
669 1873 882 1958 compescendi
906 1873 963 1937 tibi
990 1873 1168 1937 anctoritate
1190 1867 1328 1953 predicta

128 1986 325 2053 concedimus
347 1990 537 2071 potestatem.
562 1986 608 2048 Tu
631 2005 705 2067 ergo
729 2004 764 2047 ea
787 1982 925 2047 modeste
954 2003 990 2046 ae
1021 1979 1188 2064 prudenter
1218 1977 1327 2051 utaris,

131 2095 299 2159 referendo
317 2095 354 2158 ad
371 2117 442 2170 nos,
464 2097 490 2158 si
506 2115 565 2179 que
582 2096 686 2158 forsan
704 2093 899 2164 emerserint,
923 2111 981 2176 que
997 2092 1141 2153 maiorem
1154 2085 1328 2168 indaginem

127 2203 289 2287 requirere
306 2203 474 2268 videantur.
490 2203 572 2268 Nulli
590 2221 664 2284 ergo
678 2210 736 2266 etc.
761 2202 869 2266 Datum
887 2198 1039 2264 Laterani.
1055 2196 1106 2261 lV.
1129 2217 1197 2261 non.
1215 2193 1328 2278 Aprilis

129 2331 209 2376 anno
227 2316 343 2376 octavo.

681 2493 774 2564 XXV.

445 2610 447 2615 ’
554 2629 894 2700 mmmmm

224 2739 374 2804 Honorius
388 2775 428 2786 —-
447 2738 705 2822 archipresbitero
730 2743 760 2802 et
785 2718 869 2802 clero
893 2758 930 2802 ac
956 2735 1068 2822 populo
1089 2743 1171 2800 terre
1185 2736 1280 2808 Bosa,
1298 2737 1329 2797 et

125 2846 208 2912 vltra
224 2850 342 2910 montes
358 2847 480 2909 uiuium.
500 2882 541 2892 -
560 2845 707 2926 Quantam
724 2845 762 2909 de
778 2845 865 2910 vobis
881 2863 1023 2927 geramus
1039 2843 1282 2916 sollicitudinem,
1297 2846 1328 2905 et

125 2959 240 3038 quanto
257 2953 368 3020 affectu
384 2954 423 3016 ad
438 2955 655 3018 incrementum
671 2958 815 3026 restrum,
833 2974 868 3017 ac
880 2953 1128 3038 tranquillitatem
1147 2958 1178 3016 et
1195 2970 1327 3016 eommo-

124 3061 198 3126 dnm
215 3061 414 3135 intendamus,
432 3081 470 3124 ex
486 3080 522 3125 eo
539 3063 666 3145 potestis
683 3063 831 3145 colligere
846 3062 1017 3134 manifeste,
1035 3062 1114 3146 qnod
1130 3080 1185 3126 vos
1211 3064 1242 3124 et
1257 3064 1325 3123 ter-

123 3189 191 3233 ram
214 3174 343 3233 vestram
368 3171 399 3232 in
422 3170 470 3232 ius
498 3174 529 3232 et
551 3173 769 3254 proprietatem
801 3170 933 3235 ecclesie
966 3190 1088 3235 romane
1123 3168 1323 3251 suscepimus,

126 3285 161 3342 et
191 3278 342 3342 nonnullis
372 3277 563 3342 libertatibus
602 3279 771 3342 curauimns
805 3279 998 3351 communiri,
1036 3281 1116 3343 sicut
1157 3275 1326 3360 apostolice

81 3423 85 3426 ·
127 3387 243 3460 littere,
272 3406 344 3470 quas
362 3407 456 3470 super
473 3386 520 3448 his
538 3384 658 3450 dilectis
674 3385 744 3449 filiis
764 3423 808 3434 -
828 3388 981 3474 magistro
997 3394 1029 3452 et
1040 3385 1198 3471 fratribus
1215 3383 1325 3470 hospi-

128 3494 206 3558 talis
222 3492 255 3557 S.
277 3493 383 3559 Morte
408 3494 670 3559 Theutonicorum
685 3496 957 3579 Jerosolgmituoi,
986 3494 1114 3558 dominis
1137 3493 1218 3556 dicte
1244 3496 1327 3554 terre

127 3602 348 3674 concessimus,
357 3623 410 3666 ros
436 3607 599 3687 potuerunt
612 3602 729 3686 plenius
743 3603 886 3668 edocere.
900 3603 1055 3666 Monemus
1064 3602 1156 3684 igitur
1175 3598 1327 3664 uniuersi·

125 3711 219 3771 tatem
233 3713 372 3781 vestram,
381 3715 411 3772 et
423 3709 577 3773 hortamur
591 3711 622 3772 in
635 3710 765 3783 domino,
774 3731 830 3794 par
843 3713 1011 3795 apostolica
1023 3712 1108 3776 robis
1120 3710 1232 3792 scripta
1242 3726 1326 3770 man·

125 3815 245 3885 dantes,
263 3820 410 3898 quatenns
424 3818 504 3881 sicut
518 3817 651 3880 ecclesie
662 3819 794 3881 Romane
812 3817 876 3889 lilii,
892 3819 1043 3902 speciales
1056 3818 1095 3882 de
1106 3817 1203 3899 gratia
1220 3819 1324 3878 nostra

126 3927 160 3986 et
182 3922 289 3986 fauore
306 3926 421 3996 securi,
453 3925 517 3997 his,
555 3945 613 4008 que
631 3924 666 3986 ad
685 3924 778 3988 diuini
796 3926 921 3990 nominis
946 3927 1058 3990 cultum
1074 3930 1105 3989 et
1121 3923 1325 3988 dilatationem

125 4031 281 4114 pertinent
297 4032 400 4114 populi
417 4031 592 4102 Christiani,
608 4035 670 4095 tota
693 4033 792 4096 studio
814 4038 877 4096 toto
897 4034 1100 4099 sollicitudine
1122 4033 1326 4103 intendentes,

123 4138 207 4199 iuter
222 4157 277 4200 vos
300 4141 431 4202 seruetis
445 4125 606 4204 ‘uinculum
631 4145 734 4203 mutue
756 4141 913 4205 charitatis
942 4149 972 4206 et
998 4143 1094 4226 pacis,
1120 4162 1278 4225 perquam
1296 4146 1328 4204 et

124 4264 221 4329 parue
238 4265 288 4306 res
302 4253 453 4319 creseunt,
475 4252 506 4311 et
527 4267 634 4328 magne
653 4250 683 4310 in
700 4268 754 4311 sua
770 4250 976 4331 magnitudine
995 4254 1223 4319 conseruantur.
1252 4250 1325 4313 Cum

127 4357 226 4416 autem
244 4352 343 4436 alique
359 4355 439 4418 inter
456 4375 510 4419 vos
526 4358 701 4438 questiones
718 4359 907 4428 emerserint,
924 4379 982 4442 que
997 4358 1205 4422 auctoritatem
1223 4356 1325 4420 ecele-

124 4462 283 4526 siasticanr
305 4462 490 4528 iudiciumne
517 4464 672 4548 requirant
695 4465 734 4535 ad
756 4466 1046 4557 archipresbiterum
1068 4470 1212 4547 veebum,
1235 4484 1323 4555 quem
