3150 5092
1219 298 1290 368 121

95 477 232 538 seucium
250 473 307 538 sub
325 480 432 538 tenore
448 474 583 539 uolumus
600 475 774 558 peruenire,
791 472 900 557 quibus
913 478 1073 555 presentes
1087 473 1294 546 ostenduntur,

95 584 176 666 quod
193 585 334 649 Jacodus
350 582 429 644 lilius
453 581 561 645 Jacobi
585 584 679 646 frater
701 582 829 663 Georgii
844 581 923 645 boue
943 583 1087 645 memorie
1105 579 1144 644 de
1161 582 1246 645 Gold
1260 601 1298 645 er

14 715 17 782 1
93 711 152 753 una
171 695 270 775 parte,
288 688 385 753 altera
400 710 473 753 rero
489 697 575 774 parte
593 693 747 755 Gerlocue
763 689 802 752 de
816 691 1039 754 Pulcromontc
1047 686 1075 773 1)
1091 692 1123 752 et
1137 690 1298 754 Hearicua

14 785 15 798 ¹
92 797 132 862 de
149 795 458 884 cundalpertus),
475 802 505 860 et
521 797 735 861 dheodoriorco
750 795 831 859 tilius
847 797 1007 869 llerbordi,
1024 797 1180 861 constituti
1193 817 1296 861 coram

94 905 184 970 nobis
213 907 266 989 qui
282 906 417 988 professi
446 910 514 969 sunt
534 907 587 968 tali
611 906 699 969 modo
716 924 818 969 coram
836 906 923 970 nobis
939 905 1019 990 qnod
1033 905 1168 969 lacobus
1183 910 1295 968 terram

92 1033 180 1076 suam
196 1012 425 1084 hereditariam,
443 1019 473 1076 et
493 1014 620 1077 mediam
643 1018 757 1097 partem
775 1013 938 1077 molendini
954 1032 1021 1077 cum
1040 1012 1211 1077 attinenciis
1236 1012 1295 1076 sibi

14 1151 16 1182 ι
93 1120 324 1204 pertinentibus
339 1122 369 1184 in
385 1120 583 1208 Prodstropb
595 1119 634 1204 ⁸),
653 1140 781 1204 quesne
799 1125 886 1183 eraut
902 1119 1095 1192 hereditaria,
1113 1119 1296 1202 supradictis

14 1255 16 1288 :
91 1229 202 1313 probis
229 1229 302 1291 viris
324 1228 361 1292 G.
386 1232 417 1291 et
438 1229 472 1292 H.
497 1235 528 1293 et
551 1228 608 1290 Th.
630 1227 768 1291 vendidit
790 1246 845 1310 pro
873 1226 968 1291 altera
998 1227 1098 1291 media
1120 1245 1221 1291 marca
1243 1227 1296 1291 lini

14 1367 16 1372 ·
92 1337 236 1418 argenti,
254 1336 391 1419 ipsorum
402 1335 585 1409 heredibus,
602 1335 809 1419 heredumque
825 1335 1055 1399 successoribus
1071 1333 1295 1417 possidendam,

14 1439 16 1476 l
92 1444 134 1506 ita
152 1448 257 1506 tamen
274 1443 299 1505 si
311 1443 371 1507 vilo
388 1463 526 1527 umquam
542 1448 678 1527 tempore
693 1442 800 1528 aliquis
817 1444 950 1526 ipsorum
967 1447 1162 1523 cognatorum
1184 1440 1293 1506 dacohi

15 1533 16 1536 Ἴ
91 1550 190 1615 vellet
206 1570 370 1623 revocare,
398 1558 429 1614 et
449 1552 524 1635 ipsis
547 1551 778 1635 possessoribus
795 1549 961 1633 Probstrop
985 1554 1015 1612 et
1036 1551 1067 1610 in
1085 1549 1294 1636 Sconberlt),

14 1675 16 1736 j
92 1678 155 1741 que
172 1658 233 1720 sibi
250 1658 437 1742 pertinebat,
454 1660 485 1721 in
502 1659 619 1723 irritum
636 1678 757 1722 eausam
773 1659 886 1722 vellent
901 1658 1029 1721 incitare
1044 1658 1214 1721 facultatem
1232 1677 1294 1720 non

92 1766 230 1829 babeant
246 1765 400 1841 incitandi,
415 1771 513 1828 testes
530 1772 630 1830 autem
643 1786 745 1830 comes
763 1765 971 1837 Wastmodus,
987 1785 1089 1829 comes
1111 1764 1295 1838 llerbordus,

98 1894 206 1938 comes
223 1873 400 1943 winricus,
418 1893 519 1937 comes
532 1874 641 1937 Petrus
659 1873 696 1936 de
712 1873 816 1948 Dalia3
829 1874 955 1957 insuper
978 1874 1114 1937 seniores
1134 1873 1172 1937 de
1196 1877 1298 1937 castro

93 1982 172 2054 Ses,
198 2000 344 2065 supereo
372 1986 534 2064 presentes
562 1981 679 2044 litteras
704 1979 806 2062 sigillo
833 1983 944 2046 ciuium
971 1981 1010 2045 de
1035 1981 1152 2046 Cibiuio
1169 1978 1296 2045 lecimus

14 2069 15 2078 ¹
95 2090 262 2153 munimine
277 2088 424 2154 roborari.
443 2089 551 2153 Datum
567 2108 644 2152 anno
662 2089 773 2152 domini
791 2087 1034 2152 hl⁰CC⁰hXXX⁰.

625 2273 775 2344 CXXVll.

597 2428 684 2490 1281,
704 2427 795 2482 Oion.

190 2537 254 2600 Nos
281 2555 384 2600 comes
407 2537 580 2620 Stephanus
603 2537 758 2601 viceiuder
779 2539 864 2602 curie
888 2538 1000 2601 domini
1016 2539 1099 2619 regis
1116 2537 1220 2600 damus
1236 2557 1291 2619 pro

14 2665 16 2746 ἑ
96 2647 242 2710 memoria
280 2643 358 2728 quod
392 2645 483 2707 tertio
515 2644 566 2708 die
595 2681 639 2692 -
677 2647 811 2730 proxime
846 2649 963 2709 uentur.
1000 2683 1043 2692 —
1065 2644 1098 2708 P.
1129 2646 1293 2728 episcopus

14 2749 16 2836 J
96 2755 234 2818 ecclesie
256 2753 402 2818 Albeceia
425 2752 661 2827 Transsiluane,
688 2774 743 2837 pro
772 2773 830 2837 quo
859 2772 961 2816 comes
990 2753 1191 2825 Benedictus,
1213 2751 1295 2815 lilius

96 2863 237 2932 Andree,
266 2859 470 2923 3111113113-
494 2861 555 2923 suis
579 2861 746 2944 comparuit
764 2862 796 2924 in
817 2861 914 2942 ligura
939 2860 1200 2942 iudicijossumsit,
1222 2880 1296 2924 con·

14 2967 15 2972 ’
95 2969 273 3041 tinentibus,
298 2967 378 3051 quod
399 2968 478 3032 idem
497 2971 659 3051 episcopus
677 2970 831 3033 accionem
848 2988 932 3033 suam
955 2972 984 3031 in
1009 2968 1067 3032 hoc
1089 2968 1170 3031 tacto
1192 2967 1290 3030 eidem

14 3099 15 3102 ¹
94 3077 247 3142 commisit
264 3075 469 3157 exequendam
480 3112 525 3123 —
538 3077 653 3140 Ranrob
670 3082 700 3140 et
715 3114 758 3123 —
775 3075 854 3139 lilios
870 3076 987 3140 Baarch
1004 3077 1043 3140 de
1060 3095 1175 3158 genere
1193 3077 1291 3152 Chalc,

96 3188 148 3270 qui
176 3183 381 3268 personaliter
410 3183 535 3246 aderant
562 3204 654 3267 super
671 3221 711 3232 -
735 3189 819 3264 terre
846 3185 1042 3247 contenciose
1065 3184 1293 3248 —duodecim

94 3298 196 3357 aratra
213 3291 403 3362 subicientis,
421 3309 508 3372 quam
524 3291 679 3372 predictus
697 3311 802 3355 comes
818 3291 1012 3364 Benedictus,
1036 3291 1175 3355 officialis
1196 3293 1292 3376 ipsius

93 3402 234 3487 episcopi
256 3399 332 3463 dicit
353 3417 424 3460 esse
446 3398 585 3462 ciusdem
608 3401 753 3482 episcopi,
777 3403 809 3462 et
830 3399 984 3482 pertinere
1007 3400 1045 3462 ad
1061 3399 1163 3464 villam
1185 3401 1293 3463 Barat-

14 3517 15 3528 ’
92 3507 245 3596 pyspuhy,
268 3505 400 3590 predicti
425 3526 497 3571 vero
514 3505 569 3569 lilii
592 3506 708 3571 Baarcb
725 3507 829 3570 dicunt
845 3528 914 3570 esse
930 3509 1073 3591 ipsorum,
1092 3512 1122 3571 et
1138 3509 1292 3591 pertinere

93 3619 129 3682 ad
155 3615 258 3680 villam
286 3614 450 3678 eorundem
475 3614 599 3678 Gerend
627 3620 778 3690 uocatam,
803 3619 947 3698 presente
967 3615 1086 3698 ydoneo
1114 3618 1287 3680 testimonio

94 3723 221 3809 capituli
236 3721 526 3805 Varadiensis,quod
542 3722 634 3804 ijdem
650 3722 703 3804 filij
720 3723 838 3786 Baarch
855 3722 928 3787 illuc
945 3723 1107 3796 adducunt,
1124 3724 1203 3788 sicut
1218 3743 1291 3807 par-

92 3831 174 3897 tibus
195 3829 311 3914 placuit
333 3849 400 3893 cum
423 3849 481 3893 uno
499 3830 696 3894 ers-tratribus
712 3831 775 3895 suis
793 3830 832 3893 de
849 3830 979 3914 capitulo
997 3851 1068 3906 suo,
1085 3829 1204 3894 scilicet
1220 3851 1288 3895 cum

14 3969 15 3974 ¹
95 3940 213 4005 decano
231 3939 279 4002 vel
303 3939 421 4001 lectore
442 3937 503 4000 loci
527 3939 680 4016 eiusdem,
702 3960 738 4002 se
761 3937 912 4012 secundo,
935 3939 965 4002 ih
985 3937 1122 4022 predicta
1146 3938 1216 4002 villa
1236 3958 1290 4003 sua

94 4111 422 4122 -—-———

122 4227 148 4288 1)
168 4225 316 4286 Schdnberg,
332 4224 362 4269 im
380 4227 501 4271 Schenker
517 4227 592 4271 Stuht.

124 4307 151 4367 ²)
169 4307 312 4366 Agnetbeln,
328 4307 409 4352 ebend.

123 4387 149 4447 ³)
168 4388 317 4445 Propstdort‚
335 4388 416 4434 ebend.

122 4468 149 4528 ⁴)
168 4469 317 4528 Schbnberg,
338 4469 420 4514 ebend.
