3150 5092
269 372 346 443 212

266 546 416 609 erecionis
437 546 548 609 seriem
569 564 638 610 cum
660 544 828 611 nominibus
851 543 1108 610 contradictorum
1141 550 1173 609 et
1199 547 1360 608 citatorum
1380 539 1465 625 siqui
1564 606 1566 639 ἓ

266 654 419 718 extiterint
438 654 627 740 terminoque
654 654 808 737 assignato
831 654 862 716 in
883 652 995 716 vestris
1026 653 1123 717 literis
1147 652 1235 723 anchis
1262 648 1464 715 amicabiliter

266 762 453 827 rescribatis.
482 760 591 826 Datum
607 762 637 824 in
653 760 721 825 villa
739 761 959 824 cruciferorum
981 780 1079 843 prope
1100 760 1290 824 'ferdensem
1306 759 1463 822 ciuitatem

266 869 297 932 in
324 870 402 933 testo
427 869 508 933 beati
536 868 694 934 Michaelis
727 868 925 950 archangeli,
953 888 1031 931 anno
1059 867 1172 933 domini
1200 868 1371 931 millesimo.
1386 865 1463 929 00⁰.

267 976 423 1040 LXXXX0.
442 995 531 1040 nono.

795 1160 932 1234 ccum.

697 1296 783 1359 sace,
802 1298 847 1353 ao.
866 1298 1033 1370 September.

357 1406 523 1490 Capitulum
541 1406 672 1471 ecclesie
687 1406 880 1472 Varadiensis
896 1407 1033 1472 omnibus
1050 1406 1165 1471 Christi
1176 1404 1317 1469 fidelihus
1333 1424 1466 1488 presens

266 1514 449 1596 inspecturis
467 1514 603 1589 salutem,
622 1519 653 1579 et
675 1513 928 1579 benedictionem.
954 1514 1049 1595 Quum
1069 1515 1152 1597 justa
1167 1514 1339 1597 petentibus
1357 1534 1466 1578 assen-

267 1643 318 1684 sus
336 1620 483 1703 denegari
500 1628 639 1707 nequeat,
653 1626 684 1687 et
700 1621 779 1705 quod
795 1623 825 1686 in
842 1627 978 1706 tempore
993 1622 1036 1697 tit,
1051 1624 1083 1687 id
1097 1623 1266 1686 litterarum
1280 1620 1466 1685 testimoniis
1564 1644 1566 1690 ε

266 1728 394 1792 humane
426 1720 504 1814 eripi
532 1729 642 1794 debeat
666 1729 823 1801 oblivioni.
852 1729 993 1814 nequod
1022 1732 1241 1796 benefactum
1270 1729 1466 1811 intempore

265 1834 406 1914 injustum
429 1836 549 1909 evadat,
574 1836 644 1900 hinc
668 1838 706 1899 ad
728 1839 936 1901 universorum
967 1839 1099 1902 notitiam
1123 1839 1261 1903 volumus
1289 1838 1465 1920 pervenire,

267 1943 346 2027 quod
364 1946 495 2007 universi
511 1944 736 2017 inhabitatores,
755 1948 785 2008 et
800 1965 996 2027 possessores
1012 1946 1085 2010 ville
1095 1946 1202 2011 Zoraa
1217 1947 1248 2008 in
1264 1945 1407 2009 comitatu
1426 1945 1465 2007 de

266 2052 402 2114 Karnana
416 2051 577 2115 existentes
592 2051 690 2115 medio
704 2052 888 2116 honorabilis
901 2054 957 2118 viri
967 2052 1076 2118 domini
1088 2055 1293 2118 archidiaconi
1310 2052 1350 2115 de
1362 2052 1464 2115 Thas-

267 2160 324 2223 nad
349 2180 414 2221 eam
438 2158 523 2221 nobis
548 2159 723 2241 significare
746 2169 929 2225 curaverunt
947 2162 1112 2245 querelam,
1135 2161 1214 2245 quod
1235 2162 1310 2225 licet
1325 2160 1467 2223 monaehi
1564 2220 1566 2223 Α

267 2266 391 2329 claustri
417 2268 446 2329 in
474 2266 579 2329 eadem
602 2266 690 2343 villa,
721 2289 758 2332 ex
782 2268 977 2352 eleemosyna
998 2268 1106 2333 Jacohi
1130 2270 1198 2332 olim
1220 2269 1258 2331 de
1279 2267 1374 2332 Kusal
1393 2272 1466 2330 ante

266 2374 402 2438 seculum
430 2375 496 2438 fere
518 2376 673 2447 exstructi,
697 2381 727 2439 et
749 2375 859 2439 abhinc
883 2378 932 2459 pia
955 2383 987 2441 et
1008 2376 1104 2440 libera
1127 2375 1251 2440 aliorum
1270 2375 1466 2459 eleemosyna

268 2483 408 2554 sustenti
425 2483 536 2545 nullum
553 2481 634 2545 aliud
649 2483 680 2545 in
695 2484 790 2567 ipsam
804 2482 915 2558 villam,
933 2485 1060 2570 ejusque
1076 2484 1292 2548 inhabitatores
1304 2481 1469 2546 habuerint

266 2590 304 2653 ab
329 2594 415 2653 antea
432 2595 464 2655 et
486 2609 608 2673 semper
622 2589 684 2671 jus,
701 2611 788 2676 quam
812 2611 899 2655 sacra
922 2590 1037 2655 Christi
1059 2592 1200 2655 fidelihus
1223 2590 1466 2664 administrandi,

266 2719 304 2761 ne
320 2698 450 2782 populus
462 2700 493 2761 in
510 2703 591 2762 tanta
606 2697 723 2762 itineris
740 2699 882 2764 distantia
896 2698 1010 2782 absque
1022 2698 1082 2764 ulla
1099 2702 1188 2783 plane
1205 2698 1371 2783 spirituali,
1387 2719 1465 2783 quo·

265 2805 438 2891 tidianaque
455 2826 610 2870 sacrorum
628 2806 834 2872 consolatione
849 2812 1033 2878 remaneret,
1049 2809 1110 2892 ipsi
1125 2814 1236 2879 tamen,
1254 2808 1389 2871 nescitur
1404 2827 1466 2891 quc

267 2912 383 2977 inducti
400 2913 536 2985 consilio,
554 2918 603 2976 aut
619 2914 791 2988 interdicto,
813 2938 916 2980 omnes
933 2918 1008 2980 alios
1025 2915 1202 2979 sacerdotes
1220 2936 1255 2979 ex
1272 2916 1378 2979 eadem
1394 2916 1465 2978 villa

267 3042 374 3087 exesse
392 3020 507 3085 dehere
530 3021 719 3104 pretendent,
747 3029 778 3086 et
795 3022 1000 3088 honorabilem
1016 3024 1140 3086 fratrem
1154 3022 1337 3103 Gregorium
1354 3043 1463 3088 sacer·
1564 3074 1566 3113 :

266 3130 367 3192 dotem
384 3130 517 3193 ecclesie
525 3128 717 3193 Varadiensis
732 3130 842 3195 festiva
859 3150 945 3193 sacra
958 3131 1119 3214 predicare
1135 3132 1245 3214 populo
1258 3131 1463 3194 intendentem
1564 3116 1566 3165 ἶ

267 3234 304 3329 ab
321 3239 387 3322 ipsa
405 3238 535 3301 ecclesia
549 3238 734 3302 excluserint
750 3242 926 3302 asserentes
938 3259 971 3302 se
983 3239 1174 3321 privilegium
1184 3239 1300 3313 habere
1311 3258 1328 3301 a
1341 3239 1463 3303 domino

268 3364 346 3427 papa
363 3365 456 3427 super
468 3345 682 3427 jurisdictione
705 3345 795 3430 plane
818 3346 1008 3418 dioecesana,
1032 3367 1086 3410 seu
1109 3348 1275 3431 episcopali
1297 3347 1464 3410 eorundem

267 3452 299 3512 in
316 3452 424 3513 dictam
441 3453 539 3516 villam
557 3454 708 3517 exclusive
731 3473 888 3525 concessa,
909 3472 1000 3537 quum
1018 3460 1116 3518 autem
1142 3454 1203 3539 ipsi
1218 3456 1407 3519 inhabitores
1423 3457 1463 3519 de

267 3558 319 3621 tali
336 3562 531 3623 concessione
548 3560 620 3622 nihil
637 3580 761 3643 prorsus
777 3563 951 3634 sciant‚nec
966 3559 1136 3625 honorabili
1149 3562 1346 3627 vicedomino
1358 3564 1463 3628 archi·

268 3666 395 3729 diacono
414 3666 451 3729 de
463 3666 604 3729 Thaenad
621 3669 780 3753 quidquam
799 3670 837 3733 de
854 3690 891 3732 eo
909 3676 1035 3743 constet,
1057 3671 1128 3735 hinc
1150 3672 1229 3735 idem
1253 3674 1372 3734 nomine
1395 3694 1462 3742 suo,

268 3778 299 3835 et
322 3774 528 3837 universorum
545 3776 779 3840 inhabitatorum
804 3776 885 3839 dicte
908 3778 978 3842 ville
994 3781 1192 3861 protestando
1217 3778 1415 3850 contradixit,
1433 3786 1464 3842 et

268 3880 503 3943 contradicendo
526 3868 709 3964 protestatus
733 3888 781 3948 est
798 3905 932 3970 eousque
951 3888 1056 3957 etiam,
1085 3885 1183 3950 donec
1208 3886 1376 3949 differentia
1403 3886 1462 3949 hec

268 4006 369 4049 coram
392 3990 559 4053 venerabili
576 3992 605 4053 in
622 3992 743 4056 Christo
761 3998 864 4076 patre,
881 3999 912 4057 ct
934 3994 1052 4058 domino
1068 3995 1207 4058 iohanne
1228 3995 1461 4080 archiepiscopo

267 4092 442 4169 Colocensi,
469 4104 499 4161 et
514 4099 601 4179 regie
627 4101 800 4165 serenitatis
828 4102 1019 4172 cancellario,
1043 4101 1171 4186 aliisque
1188 4102 1314 4165 dominis
1336 4104 1463 4185 prelatis

266 4202 364 4265 revisa
382 4208 413 4266 et
429 4202 531 4269 decisa
548 4208 650 4273 fuerit.
675 4208 784 4273 Harum
802 4214 972 4274 nostrarum
996 4210 1112 4291 rigore,
1138 4216 1169 4273 et
1194 4211 1366 4272 testimonio
1390 4208 1461 4273 lite·
1560 4210 1564 4218 '

265 4329 365 4375 rarum
382 4312 540 4376 mediante.
558 4315 666 4378 Datum
683 4316 757 4380 seria
770 4321 875 4398 quarta
891 4322 961 4401 post
977 4319 1085 4381 festum
1104 4316 1136 4380 S.
1154 4316 1312 4380 Michaelis
1330 4316 1461 4381 archan·

267 4416 329 4494 geli
346 4437 423 4480 annc
440 4418 551 4483 domini
565 4420 737 4486 dccxcix
753 4429 898 4507 presente
914 4424 1069 4510 Stephano
1085 4424 1302 4490 archidiacono
1320 4424 1461 4490 Albensis

267 4524 397 4588 ecclesie
425 4525 461 4587 D.
491 4525 528 4588 b.
