3150 5092
1235 354 1304 423 141

115 531 214 595 velitis
230 529 423 613 integraliter
440 550 507 593 com
524 527 688 609 diligencia
701 525 859 609 paternali,
872 525 1123 598 contradictores,
1136 527 1163 589 si
1178 527 1229 610 qui
1245 526 1312 589 ioe-

114 641 189 710 rint,
218 638 398 703 auctoritate
420 638 504 701 sedis
521 635 659 700 eiusdem
676 654 730 719 per
747 652 906 698 censuram
923 633 1157 697 ecclesiasticam
1174 654 1313 717 compes·

112 746 220 809 condo.
246 746 278 808 ln
305 746 490 829 principales
517 763 679 827 personas,
713 761 771 826 que
802 741 1047 824 impedimentum
1079 741 1149 804 buic
1181 743 1310 823 negocio

111 853 321 937 prestiteriot,
346 857 377 916 et
400 853 431 914 in
452 851 593 914 familiam
610 867 713 913 eorum
728 849 991 919 iurisdicoionem,
1007 855 1039 912 et
1054 848 1151 919 villas,
1168 868 1204 912 ae
1219 854 1310 911 totam

111 961 339 1024 universitatem
357 960 465 1025 civium
481 958 636 1022 interdicti
653 957 840 1020 sentenciam
856 957 1083 1040 promulgando,
1101 957 1179 1019 sicut
1196 956 1309 1038 negotii

113 1068 245 1152 qualitas
273 1069 364 1131 luerit
390 1075 422 1132 vt
452 1068 533 1150 apud
560 1067 656 1129 Deum
685 1069 716 1128 et
744 1064 880 1127 eamdem
909 1072 1131 1128 sacrosanctam
1159 1075 1311 1128 romanam

112 1174 287 1248 ecclesiam,
305 1181 429 1239 matrem
446 1175 646 1238 ecclesiarum
663 1174 792 1236 omnium
809 1178 840 1235 et
855 1172 1040 1253 magistram,
1057 1180 1160 1237 vestre
1176 1173 1311 1237 solicito-

113 1283 193 1347 diuis
227 1285 374 1347 instancia
407 1289 438 1346 et
475 1281 635 1364 vigilancia
673 1280 780 1343 merito
818 1278 917 1342 valeat
955 1279 1167 1344 commendari.
1202 1281 1311 1343 Datum

113 1392 281 1472 Strigooii,
313 1392 343 1453 in
368 1392 447 1454 festo
469 1390 550 1455 beati
572 1388 691 1452 Nicolai
718 1388 920 1463 confessoris,
953 1407 1029 1450 anno
1052 1388 1162 1451 domini
1179 1388 1311 1451 M⁰.CC⁰.

114 1497 326 1561 LXXX⁰.Vll⁰.

648 1677 785 1748 CXLVI.

672 1811 753 1867 rasa.

207 1923 377 2006 Capitulum
395 1921 528 1984 ecclesie
545 1921 626 1984 beati
642 1920 802 1986 Michaelis
811 1919 1034 1992 Transsilvaue,
1052 1919 1189 1983 omnibus
1198 1920 1311 1984 Christi

114 2029 257 2094 fidelibus
285 2032 459 2112 presentem
482 2031 620 2112 paginam
645 2029 830 2112 inspecturis
851 2028 977 2092 salutem
1000 2028 1030 2090 in
1053 2048 1100 2101 eo,
1117 2029 1167 2112 qui
1184 2027 1309 2092 salutem

116 2145 260 2227 operatus
279 2145 325 2202 est
348 2141 379 2200 in
406 2137 505 2201 medio
526 2144 620 2201 terre.
646 2139 683 2201 Vt
698 2140 796 2220 gestis
817 2139 978 2210 huminum,
997 2159 1051 2202 seu
1067 2138 1185 2202 actibus
1200 2141 1259 2202 rite
1275 2158 1311 2202 ac

116 2247 253 2329 legitime
271 2245 451 2316 celebratis,
476 2247 611 2309 studiosa
634 2245 833 2325 malignorum
858 2245 1006 2328 cupiditas
1028 2252 1157 2328 nequeat
1187 2245 1314 2308 obuiare

11 2383 12 2388 ¹
115 2359 209 2438 atque
227 2353 395 2423 novercari,
412 2353 476 2436 ipsa
493 2359 580 2433 gesta
599 2354 646 2416 vel
665 2359 732 2417 acta
749 2352 786 2415 ad
804 2351 951 2416 cautelam
968 2352 1133 2415 litterarum
1145 2353 1313 2435 patrocinio

116 2469 346 2526 consueueruut
362 2461 509 2533 roborari,
528 2465 560 2524 ut
576 2462 604 2524 in
621 2467 775 2543 posterum
792 2460 912 2524 minime
928 2460 1069 2533 titubent,
1087 2481 1140 2523 seu
1161 2461 1312 2524 vacillent.

117 2569 286 2652 Propterea
310 2567 348 2630 ad
376 2569 585 2631 uniuersorum
606 2567 763 2639 noticiam,
790 2574 850 2632 tam
875 2568 1082 2651 presencium,
1107 2588 1194 2652 quam
1210 2576 1315 2652 poste-

11 2729 12 2757 }
117 2695 223 2738 rorum
245 2674 351 2738 barum
373 2677 454 2738 serie
477 2675 615 2739 uolumus
636 2679 809 2759 peruenire,
833 2675 913 2759 quod
930 2677 1113 2739 aecedentes
1129 2677 1166 2741 ad
1183 2682 1313 2740 nostram

11 2793 12 2866 j
117 2783 310 2867 presenciam
327 2782 429 2845 Buten
452 2803 565 2852 comes,
588 2782 741 2855 Bnrlabas,
757 2782 913 2854 Nicolaus,
930 2790 961 2846 et
977 2783 1144 2866 Gregorius
1162 2782 1215 2847 lilii
1231 2786 1314 2847 eius-

10 2883 12 2976 ,
117 2888 246 2953 demde
269 2891 353 2954 uoto
374 2910 410 2953 ex
426 2890 626 2972 permissione
649 2896 680 2953 et
701 2889 854 2954 uoluntate
885 2897 1157 2954 commetaneorum
1179 2912 1312 2963 suorum,

11 2978 12 2998 i
118 2996 332 3077 magistrorum
350 2996 494 3061 uidelicet
510 2997 668 3070 Micbalch,
687 3002 717 3060 et
732 2998 834 3068 bimur,
852 2999 882 3061 in
899 2998 993 3060 nostri
1009 3001 1197 3080 presenciam
1213 3005 1314 3062 astan-

117 3104 211 3176 tium,
228 3106 374 3188 quandam
388 3110 497 3168 terrain
516 3107 649 3188 ipsorum
664 3107 843 3170 chrimos
856 3111 1003 3178 uocatam,
1017 3125 1086 3168 cum
1102 3106 1238 3170 omnibus
1255 3109 1315 3171 uti-

118 3211 256 3276 litatibus
269 3215 332 3276 suis
346 3221 375 3276 et
387 3213 597 3296 pertinenciis,
611 3214 691 3277 iuxta
705 3213 860 3277 llius-isium
873 3213 1073 3285 adiacentem,
1087 3214 1186 3295 Berge
1201 3216 1314 3286 comiti,

118 3340 155 3383 ac
173 3318 243 3400 lilijs
259 3321 323 3382 suis
340 3319 454 3383 llenren
479 3320 598 3394 comiti,
620 3321 741 3385 Andree
765 3327 797 3383 et
814 3321 904 3382 Petro
921 3339 976 3402 pro
998 3320 1170 3404 quindecim
1195 3323 1314 3394 marcis,

120 3432 153 3490 et
169 3426 306 3511 plenarie
322 3428 457 3510 acceptis
480 3428 517 3491 ab
534 3428 666 3501 eisdem,
684 3447 741 3491 nec
765 3447 825 3490 non
840 3427 1004 3491 heredibus
1019 3427 1227 3512 heredumque
1242 3449 1315 3493 suc-

121 3534 297 3599 cessoribus
324 3533 498 3609 eorundem,
526 3537 593 3599 iure
614 3544 773 3620 perpetuo,
792 3541 823 3599 et
843 3535 1088 3599 inrevocabiliter
1103 3537 1316 3621 possidendam

121 3651 192 3707 sunt
210 3644 343 3706 confessi
357 3643 543 3708 uendidisse.
569 3644 749 3726 Obliguntes
765 3645 892 3727 insuper
908 3665 952 3716 se,
970 3649 1000 3708 et
1020 3649 1208 3709 assumentes
1223 3644 1315 3726 ijdem

120 3751 238 3823 Boken,
256 3755 287 3814 et
302 3750 355 3834 filij
374 3753 422 3814 sui
450 3755 600 3834 prenotati
623 3772 725 3817 coram
747 3752 836 3816 nobis
860 3756 892 3815 ut
913 3753 1085 3836 quicunque
1101 3753 1225 3817 eosdem
1242 3754 1317 3816 Rer-

120 3879 191 3942 gam
209 3861 360 3931 comitem,
378 3865 408 3921 et
420 3858 497 3922 lilius
511 3881 581 3923 suos
598 3859 775 3944 prelibatos,
791 3859 914 3922 racione
929 3858 1011 3922 dicte
1027 3865 1110 3922 terre
1126 3860 1316 3942 impedirent,

121 3988 178 4031 seu
194 3967 225 4029 in
242 3968 291 4030 ius
308 3971 484 4043 euocarent,
501 3967 635 4051 proprijs
651 3965 820 4050 sumptibus
833 3970 863 4029 et
878 3965 1031 4030 laboribus
1048 3966 1172 4029 eosdem
1194 3968 1318 4051 expedi-

119 4081 198 4149 rent,
215 4079 247 4139 et
263 4073 293 4138 iu
309 4076 505 4158 possessione
518 4073 643 4159 pacifica
652 4081 735 4140 terre
748 4079 911 4139 memorate
923 4081 1142 4138 conseruerant
1152 4076 1317 4140 indefesse.

121 4182 167 4248 Ut'
190 4183 285 4266 igitur
307 4183 365 4247 beo
397 4183 533 4248 vendicio
562 4203 664 4247 coram
692 4184 779 4247 nobis
800 4184 879 4246 facta
900 4182 994 4246 robur
1014 4183 1149 4264 optineat
1169 4189 1317 4266 perpetue

122 4291 285 4362 firmitatis,
302 4310 358 4354 nec
374 4311 430 4374 per
446 4291 616 4376 quempiam
633 4295 731 4354 tractu
747 4291 892 4373 temporis
908 4290 1006 4373 possit
1020 4289 1070 4352 uel
1087 4287 1196 4353 debeat
1210 4291 1318 4353 immu-

121 4399 191 4471 tari,
208 4397 245 4460 ad
262 4397 437 4461 instanciam
455 4404 487 4460 et
504 4399 686 4480 peticionem
709 4398 853 4480 parcium,
877 4397 906 4460 in
922 4397 1124 4460 testimonium
1147 4399 1194 4460 rei
1214 4402 1316 4480 geste,

122 4505 243 4570 litteras
260 4510 380 4568 nostras
397 4512 556 4589 presentes
573 4507 751 4570 contulimus
764 4506 859 4588 sigilli
870 4508 963 4569 nostri
975 4505 1137 4571 munimine
1150 4505 1317 4579 roboratas,
