3150 5092
1231 287 1329 383 nz'

87 479 240 556 omnibus,
257 479 337 564 quod
355 484 424 542 sunt
441 484 471 541 et
486 479 608 555 habent,
625 481 719 561 gratis
736 480 901 566 impendit,
930 497 1089 562 possumus
1113 483 1211 540 tamen
1227 476 1286 543 sibi

86 587 255 668 gratificari
273 589 312 651 de
328 609 382 650 suo
399 588 457 660 his,
475 589 525 670 qui
539 588 604 669 ejus
621 588 768 673 obsequio
781 593 852 654 sunt
867 586 1024 669 adscripti,
1049 587 1176 666 gratiam
1199 586 1284 650 exhi-

85 695 207 769 bendo;
235 696 323 766 certi,
340 698 419 779 quod
437 694 507 758 dum
530 697 575 758 eis
602 696 778 780 temporalia
806 696 1020 766 ministramus,
1049 695 1134 758 nohis
1162 714 1285 782 compa·

83 825 187 868 ramus
216 809 332 867 eterna.
358 803 444 866 Vnde
471 822 530 865 non
558 807 679 866 estuare
710 803 777 888 quis
802 803 912 866 debeat
933 802 1065 865 hesitare
1080 801 1133 864 tali
1155 802 1284 868 reddere

84 913 243 984 creditori,
267 915 369 994 quise
386 930 442 994 pro
462 911 590 974 redditis
608 914 796 975 constituens
812 911 992 984 debitorem,
1009 929 1131 993 semper
1146 911 1286 974 retribuit

82 1023 220 1104 potiora;
238 1019 293 1083 sed
306 1021 434 1104 quisque
450 1021 613 1083 secundum
631 1021 779 1113 sapientis
798 1020 956 1084 consilium
975 1019 1049 1082 dare
1070 1018 1181 1082 debeat
1196 1020 1282 1082 altis-

84 1131 161 1193 simo
179 1127 346 1192 secundum
359 1127 498 1215 donatum
515 1129 625 1211 ipsium
639 1130 728 1192 vtcui
743 1127 866 1192 multum
883 1132 940 1199 est,
957 1127 1069 1190 tribuat
1086 1126 1282 1199 abundanter,

83 1258 123 1301 ne
140 1257 237 1319 parce
252 1239 403 1300 seminans
416 1256 508 1319 parce
526 1241 561 1297 et
573 1241 673 1298 metat.
700 1236 800 1316 Quare
816 1237 846 1297 in
862 1234 1072 1317 largitionibus
1096 1235 1281 1298 immensitas

83 1347 199 1428 optime
218 1350 265 1406 est
292 1351 498 1426 emensurata3
528 1344 574 1406 his
602 1346 773 1426 presertim,
802 1343 853 1427 qui
871 1363 888 1406 a
903 1343 1022 1406 domino
1039 1343 1196 1424 recepisse
1211 1364 1283 1406 nos-

83 1458 195 1516 cuntur
223 1453 376 1514 immensa.
403 1450 511 1513 Verum
538 1452 576 1513 si·
593 1451 739 1534 quispiam
763 1452 814 1534 pie
837 1452 905 1514 data
923 1453 1072 1514 contraria
1089 1452 1283 1533 poenitudine

83 1561 284 1631 detrectaret,
316 1553 402 1642 quasi
435 1559 518 1622 serio
543 1557 674 1621 diuinam
701 1563 882 1642 prouocaret
904 1559 1058 1633 odensam,
1082 1563 1113 1620 et
1129 1563 1231 1622 contra
1248 1579 1282 1622 se

83 1669 180 1733 corda
197 1668 350 1732 hominum
368 1672 399 1729 et
414 1666 491 1729 labia
517 1673 731 1739 commoneret,
746 1667 808 1748 jam
824 1687 888 1730 rem
907 1666 1034 1730 alienam
1051 1667 1144 1730 inuito
1164 1667 1282 1730 domino

83 1776 317 1840 contrectando.
343 1775 424 1836 Sane
440 1775 545 1838 dilecti
561 1776 616 1838 tilii
630 1767 673 1822 '-
692 1778 841 1857 magister.
863 1779 894 1836 et
914 1776 1025 1838 iratres
1047 1776 1151 1838 domus
1174 1775 1283 1861 boqoi-
1370 1785 1372 1788 '

83 1885 166 1948 talis
189 1890 302 1947 eamme
325 1882 430 1946 Marde
455 1883 716 1947 Tbcotonicorum
736 1883 1006 1966 Jerosotymitaoi,
1029 1882 1133 1948 humili
1150 1882 1235 1949 nobis
1253 1886 1284 1945 et

82 1991 211 2054 instanti
229 1991 446 2073 conquestione
461 1994 682 2070 monstrarunt:
706 1991 868 2072 quodcum
886 1995 916 2052 tu
930 2010 1032 2052 eorum
1050 1991 1150 2054 domui
1163 1997 1283 2054 terram

82 2101 172 2164 Buce
187 2098 237 2189 pia
253 2097 434 2160 liberalitate
451 2097 606 2185 donasses,
635 2098 714 2161 sicut
744 2099 774 2161 in
797 2098 968 2181 priuilegiis
989 2099 1049 2160 tuis
1077 2098 1288 2181 perspeximus

81 2206 204 2289 plenius
233 2206 394 2268 contineri:
424 2204 483 2288 ipsi
510 2226 564 2288 pro
589 2205 717 2276 colenda
738 2210 769 2267 et
794 2206 952 2269 munienda
976 2212 1057 2271 terra
1079 2207 1195 2276 eadem,
1224 2225 1281 2288 per

84 2333 175 2397 quam
203 2311 343 2376 Cumanis
370 2301 576 2395 multipliciter
603 2332 736 2393 regnum¹
761 2312 914 2395 Hungarie
941 2311 1190 2397 perturbantibus
1219 2315 1282 2377 fre-

83 2439 182 2502 quens
196 2420 340 2500 iqtroitus
354 2425 384 2485 et
401 2419 496 2487 exitus
509 2418 686 2494 habebatur,
696 2439 884 2484 numerosam
897 2422 1053 2504 pecuniam
1066 2421 1280 2502 expenderunt,

82 2526 127 2590 ibi
149 2547 218 2590 cum
249 2527 340 2591 multo
362 2527 481 2614 labore,
510 2547 545 2592 ac
567 2529 684 2611 proprii
707 2528 854 2604 effusione
876 2529 996 2593 cruoris
1017 2528 1147 2611 quinque
1179 2533 1280 2592 castra

83 2635 176 2698 sortia
203 2636 396 2710 instruendo;
424 2636 478 2698 sed
495 2635 567 2700 licet
581 2642 614 2698 tu
631 2639 804 2699 cisternam
821 2635 999 2700 abstulisses
1016 2637 1160 2708 eamdem,
1183 2636 1281 2718 ipsam

84 2743 209 2806 tandem
230 2744 390 2816 restituisti
412 2745 610 2827 postmodum,
637 2750 669 2808 vt
693 2745 827 2810 debebas
834 2764 851 2826 ;,
866 2746 936 2828 quin
958 2747 1047 2807 etiam
1072 2763 1127 2828 pru
1160 2762 1279 2807 recom-

83 2851 266 2932 pensatione
298 2851 467 2916 damnorum
499 2851 559 2934 ipsi
591 2857 705 2934 partem
735 2851 875 2915 Cumania
902 2854 977 2927 vltra
1005 2858 1136 2924 montem
1168 2852 1280 2917 niuium

84 2958 260 3029 contulisti;
289 2960 319 3020 in
344 2979 400 3042 qua
424 2977 489 3020 cum
507 2958 580 3022 dicti
598 2959 742 3039 magister
765 2964 797 3023 et
817 2959 928 3023 iratres
956 2966 1085 3023 castrum
1112 2960 1280 3022 munitissi-

82 3085 162 3130 mum
196 3066 603 3138 construxissent„Cumani
627 3067 781 3148 perterriti
805 3072 837 3130 et
865 3066 1004 3131 dolentes
1026 3068 1198 3151 ademptam
1218 3069 1278 3131 sibi

82 3173 243 3256 ingressus
267 3178 298 3235 et
315 3173 411 3246 exitus
430 3173 612 3249 facultatem,
632 3181 818 3257 congregata
835 3176 951 3257 ingenti
970 3176 1157 3239 multitudiue
1183 3175 1279 3238 bella-

83 3286 195 3356 torum,
224 3281 339 3349 fratres
368 3281 441 3352 inibi
472 3287 690 3347 commorantes
719 3282 870 3346 hostiliter
890 3285 1030 3364 aggressi
1055 3286 1192 3355 fuerunt3
1224 3285 1278 3348 sed

83 3389 204 3452 domino
233 3388 416 3471 propitiante
449 3389 577 3462 deuicti,
606 3392 724 3455 confusi
748 3399 777 3456 et
808 3394 926 3469 reuersi
955 3392 1164 3457 destituerunt.
1200 3394 1276 3476 Quin

83 3497 172 3560 etiam
190 3495 366 3578 quidamex
380 3497 441 3560 illis
466 3496 556 3562 dictis
573 3499 715 3569 iratribus
742 3522 776 3563 se
802 3501 966 3572 dedentes,
995 3520 1062 3562 cum
1089 3502 1230 3564 viroribus
1247 3508 1278 3565 et

85 3603 233 3685 paruulis,
252 3602 290 3664 ad
317 3600 459 3684 baptismi
486 3605 612 3687 gratiam
637 3605 844 3673 conuolarunt.
875 3607 920 3671 Tu
948 3627 1022 3670 vero
1053 3613 1163 3671 terram
1180 3610 1276 3691 ipsam

81 3710 276 3792 ingrediens„
290 3709 460 3794 cultamque,
475 3713 677 3794 prospiciens,
707 3715 818 3777 fratres
836 3716 873 3777 de
890 3720 982 3786 terra,
1001 3717 1046 3778 eis
1077 3736 1132 3798 per
1153 3723 1276 3800 aposto-

81 3819 172 3896 licam
191 3818 296 3892 sedem
313 3818 496 3898 copitirmata
511 3841 545 3884 ac
563 3821 618 3884 sub
632 3822 702 3904 ejus,
713 3825 906 3905 protectione
921 3828 1073 3905 suscepta,
1089 3845 1145 3906 per
1161 3827 1277 3900 violeu-

81 3929 152 3991 tiam
178 3926 339 4009 expulsisti
360 3948 419 3991 non
441 3927 556 4012 absque
578 3950 701 3993 romane
725 3932 859 3994 ecclesie
880 3931 988 4013 injuria
1010 3932 1181 4014 manifesta3
1209 3955 1277 3998 cum

83 4037 190 4100 eadem
206 4040 288 4098 terra
311 4034 434 4106 nullum,
458 4043 563 4119 preter
586 4059 739 4103 romanum
762 4039 947 4122 pontificem,
968 4039 1078 4104 habeat
1100 4043 1275 4125 episcopum

83 4145 129 4208 vel
158 4143 322 4226 prelatum:
351 4143 447 4206 eidem
470 4144 603 4209 ecclesie
630 4147 705 4210 duas
733 4167 850 4210 marcas
879 4147 943 4210 auri
964 4168 1020 4230 pro
1037 4171 1129 4212 censu
1146 4151 1277 4214 solueret

83 4253 244 4317 annuatim.
269 4251 306 4314 Et
334 4253 468 4335 quamuis
492 4254 542 4336 pie
558 4255 703 4320 memorie
725 4255 758 4316 ll.
782 4275 869 4338 papa,
885 4255 1091 4336 predecessor
1105 4263 1218 4332 noster,
1239 4279 1275 4322 ac

5 4444 6 4448 Ἰ
84 4381 137 4424 nos
154 4360 343 4444 postmodum
371 4358 475 4442 plures
503 4360 556 4424 tibi
585 4364 765 4446 affectuosas
797 4384 905 4446 preces
934 4369 965 4426 et
986 4365 1096 4427 monita
1120 4364 1275 4447 diligentia

84 4468 292 4540 direxerimus,
318 4474 349 4532 vt
376 4470 423 4540 eis
445 4474 559 4537 terram
585 4471 681 4555 ipsam
708 4472 877 4542 liberaliter
900 4472 1059 4546 redderes,
1088 4492 1274 4561 nequaquam
