3150 5092
616 635 710 706 culi.

417 771 496 836 1289,
514 772 540 826 d.
559 773 714 828 November.
731 773 896 828 barecha.

155 881 330 954 Ladislaus,
356 881 543 965 belgrado,
571 903 624 946 rex
642 883 808 966 Hungarie,
837 883 975 949 fidelibus
997 885 1061 949 suis
1084 884 1244 958 universis,

66 990 224 1054 nobilibus
241 996 270 1055 et
286 992 370 1064 aliis,
393 990 500 1075 quibus
518 997 675 1075 presentes
692 992 903 1067 ostendentur,
925 993 1050 1059 salutem
1065 999 1096 1058 et
1111 994 1247 1075 gratiam.

67 1100 290 1164 dsseeuramus
307 1101 531 1164 uniuersitatem
543 1105 672 1165 vestram
685 1122 741 1184 per
756 1108 914 1185 presentes
931 1123 1023 1186 super
1035 1123 1081 1176 eo,
1093 1102 1172 1187 quod
1186 1103 1251 1187 qni·

65 1229 189 1294 cunque
204 1216 338 1275 restrum
354 1210 391 1274 ab
407 1210 466 1282 his,
484 1211 535 1296 qui
550 1218 652 1275 contra
668 1215 798 1276 nostram
815 1211 980 1296 procedunt
995 1212 1190 1295 majestatem,
1217 1231 1250 1277 se

64 1323 240 1392 retraxerit,
253 1324 284 1383 et
296 1320 382 1384 nobis
393 1319 566 1384 fidelitatem
580 1320 795 1394 observaverit,
811 1327 842 1385 et
855 1320 887 1385 id
904 1321 989 1385 nohis
1005 1342 1060 1406 per
1076 1321 1249 1404 magistrum

66 1425 257 1510 Stephanum
276 1432 306 1492 et
321 1428 451 1501 Paulum,
468 1427 546 1492 filios
564 1427 680 1493 comitis
700 1428 870 1503 Michaelis,
887 1429 941 1493 filii
958 1430 1047 1503 Vbul,
1066 1429 1250 1495 constiterit:

68 1554 174 1599 ornnes
202 1556 346 1600 excessus
371 1541 488 1602 vestros
508 1537 729 1620 indulgebimus
753 1541 783 1602 et
804 1539 987 1602 remittemus
1009 1543 1041 1602 et
1066 1559 1120 1604 ros
1141 1557 1249 1622 prose-

67 1663 197 1728 quemur
213 1647 292 1709 omni
308 1645 395 1719 bono,
411 1647 495 1730 regio
513 1666 580 1711 cum
596 1647 699 1711 farore
714 1647 906 1728 invigilantes
923 1647 960 1711 ad
976 1649 1104 1714 rostram
1126 1667 1250 1731 promo-

67 1752 180 1816 tionem
198 1757 231 1816 et
245 1754 398 1820 bonorem.
416 1754 522 1819 Datum
538 1755 807 1827 inBereoha‚ieria
823 1762 906 1820 sexta
914 1760 983 1840 post
998 1755 1107 1820 festum
1124 1755 1250 1819 omniurn

67 1867 255 1927 sanctornm.
278 1863 360 1929 Anno
377 1862 488 1928 domini
502 1862 740 1929 MCCLXXXlX.

607 2051 717 2122 Cblll.

503 2187 582 2254 rasa,
601 2189 645 2244 re.
663 2189 819 2244 novamne.

161 2299 320 2364 Ladieslaus
339 2347 346 2360 .
361 2349 369 2365 .
383 2347 391 2362 .
447 2300 531 2384 Quod
540 2298 681 2365 Nicolaus
695 2305 726 2363 et
737 2298 871 2363 Andreas
882 2298 1007 2362 oornites
1019 2298 1073 2362 lilii
1084 2299 1202 2363 Andree
1214 2299 1251 2364 de

74 2411 172 2495 Gpoaa·
190 2411 235 2475 ad
249 2415 380 2475 nostram
403 2410 581 2476 accedentes
611 2410 791 2496 presentiam
815 2408 960 2493 quandam
980 2411 1091 2472 terram
1115 2411 1253 2475 Gomord

73 2523 206 2582 vocatam
218 2520 295 2581 iuxta
307 2518 426 2583 durium
441 2519 543 2582 Morus
566 2518 752 2591 existentem,
779 2515 949 2599 hospitibus
966 2516 1004 2580 de
1019 2516 1174 2592 Korohou,
1198 2538 1253 2601 per

74 2625 221 2692 dominum
242 2647 346 2710 regern
368 2627 550 2712 Stephanum
578 2625 767 2691 karissimum
799 2631 914 2710 patrem
944 2630 1076 2691 nostrum
1107 2624 1254 2699 collatam,

75 2753 157 2817 quiam
169 2733 290 2820 quidem
305 2736 530 2820 progenitorum
547 2755 665 2800 suorum
687 2735 901 2800 hereditariam
923 2755 993 2799 esse
1010 2741 1040 2799 et
1055 2735 1150 2799 tuisse
1168 2755 1253 2799 asse·

43 2838 48 2849 '
76 2849 158 2917 mnt,
182 2848 221 2909 et
235 2845 303 2908 olim
320 2844 356 2908 ab
374 2844 488 2909 eisdem
504 2845 658 2909 alienatam
677 2865 694 2908 a
714 2843 801 2908 nobis
816 2841 969 2908 humiliter
984 2843 1179 2929 supplicando
1196 2843 1254 2907 sibi

76 2951 160 3018 reddi
179 2958 212 3017 et
226 2953 343 3018 restitui
359 2953 554 3038 postularunt.
571 2949 682 3018 Verum
695 2955 762 3038 quia
774 2972 829 3016 nos
840 2953 1058 3038 ipsam-terram
1070 2972 1107 3016 er
1121 2951 1254 3016 ueridica

78 3060 228 3127 relacione
259 3081 382 3148 quorum
414 3064 611 3148 comperimus
639 3063 873 3147 progenitorum·
891 3062 1063 3128 eorundem,
1078 3055 1194 3126 Nicolai
1226 3066 1257 3125 et

77 3168 197 3234 Andree
214 3171 351 3235 uomitum
369 3190 438 3234 esse
455 3175 485 3235 et
506 3172 603 3236 fuisse
617 3170 829 3236 hereditariam
842 3169 878 3234 ab
895 3173 1024 3255 antiquo,
1040 3174 1072 3233 et
1087 3169 1123 3233 ab
1141 3169 1255 3232 eisdem

44 3338 48 3355 ,
79 3297 143 3342 esse
159 3279 318 3344 alienatam
335 3280 448 3364 etquia
464 3281 512 3344 ius
526 3281 662 3366 requirit,
672 3282 787 3365 equitas
804 3281 920 3354 suadet,
928 3278 1108 3344 etoaleulus
1117 3279 1257 3363 deposcit

77 3388 422 3474 racionis‚.ut.quispiam
433 3407 486 3452 suo
497 3389 562 3452 iure
575 3389 720 3473 pooiatur,
735 3393 832 3452 etnos
845 3405 1082 3472 unumquemque
1093 3387 1174 3451 iuxta
1187 3385 1256 3450 olfi-

80 3496 152 3560 cium
164 3498 262 3562 nostri
273 3497 426 3580 regiminis
439 3498 469 3561 in
481 3497 545 3562 suis
557 3498 672 3564 iuribus
682 3517 864 3564 conseruare
878 3496 1056 3562 volumuset
1067 3493 1257 3567 intendimus,

81 3606 243 3686 predictam
251 3610 361 3671 terram
371 3604 503 3672 Gomord
515 3614 651 3674 uocatam
663 3609 777 3673 eisdem
784 3605 908 3672 Nicolao
921 3612 952 3670 et
961 3606 1080 3670 Andree
1088 3603 1256 3676 comitibus,

81 3720 109 3776 et
127 3716 190 3780 suis
216 3715 379 3781 heredibus
400 3717 611 3803 heredumque·
626 3737 747 3784 suorum
768 3716 997 3783 successorihus
1027 3735 1093 3779 oum
1121 3712 1257 3777 omnibus

84 3823 256 3889 utilitatibus
277 3825 340 3890 suis
364 3831 395 3890 et
409 3827 682 3911 pertinenciiszsub
706 3827 833 3910 antiquis
854 3825 942 3890 metis
964 3828 996 3888 et
1010 3823 1157 3896 terminis,
1180 3827 1257 3884 tam·

83 3950 163 4015 quam
179 3936 227 3998 ius
243 3934 373 4020 ipsorum
386 3935 609 4010 bereditarium,
628 3957 686 4000 non
702 3934 890 4000 obstantibus
899 3931 1008 3997 litteris
1024 3953 1077 3997 seu
1089 3928 1258 4016 priuilegils

85 4037 299 4122 ipsiusdomini
311 4046 395 4128 regis
405 4043 559 4128 Stephani,
574 4050 623 4108 aut
636 4043 746 4110 domini
758 4039 922 4128 regisBele
932 4041 982 4106 aui
995 4043 1089 4106 nostri
1100 4038 1259 4112 karissimi,

87 4167 136 4230 per
151 4151 305 4235 predictos
321 4152 456 4238 hospites
478 4152 588 4217 habitis
610 4158 641 4217 et
663 4154 805 4239 optentis,
822 4151 1007 4216 reddidimus
1024 4155 1055 4214 et
1075 4149 1259 4213 restituimus

85 4263 226 4343 perpetuo
242 4261 450 4345 possidendam
467 4266 497 4326 et
508 4258 685 4336 hahendam,
698 4265 739 4326 ita
752 4265 783 4327 ut
799 4261 904 4325 eedem
916 4260 1016 4324 littere
1032 4277 1086 4322 seu
1099 4256 1260 4343 priuilegia

88 4367 111 4430 si
135 4389 202 4453 pora
216 4367 312 4434 dirtos
334 4369 477 4456 hospites·
491 4371 528 4434 in.
542 4369 927 4442 luoemdeduotafuerint,
950 4368 1065 4433 iuribus
1088 4370 1210 4430 careant
1231 4368 1262 4428 et

89 4474 197 4559 uigore,
215 4500 250 4543 ao
267 4478 374 4543 nullius
391 4481 449 4545 sint
464 4481 583 4564 penitus
599 4479 756 4544 firmitatis.
781 4479 822 4543 Ut
836 4479 928 4561 igitur
942 4477 999 4541 heo
1015 4495 1142 4561 presens
1168 4473 1261 4537 resti-

91 4587 177 4660 tucio,
193 4607 287 4672 super
302 4587 438 4671 predicta
454 4593 534 4653 terra
550 4609 605 4672 per
620 4609 676 4654 nos
692 4586 995 4652 eisdemNioolaoet
1012 4582 1261 4648 abdaemonis
