3150 5092
1278 326 1301 396 5

101 506 205 565 mente
223 507 254 565 et
269 488 423 567 voluntate
441 502 603 585 explorata,
627 499 754 563 deberet
771 519 841 563 esse
865 498 1048 562 certissima:
1074 499 1210 581 prefatus
1231 499 1302 588 illu7

102 612 177 672 stris
196 614 227 673 et
242 611 394 690 gloriosus
410 595 463 675 rex
473 610 500 696 ¹)
535 611 571 673 ad
588 609 855 688 interrogationem
875 612 1007 670 nostram
1023 606 1101 670 banc
1118 607 1301 692 interpreta-

99 719 217 781 tionem
235 719 395 801 Vesprimii
415 721 445 782 in
470 718 621 804 presentia
645 722 816 799 magnatum
841 735 963 779 suorum
985 715 1197 799 promulgavit,
1222 717 1301 799 quod

102 846 165 888 non
199 827 255 889 luit
281 829 348 910 ejus
376 827 566 891 intentionis
591 830 728 909 tempore
757 825 980 888 constitutionis
1008 825 1216 906 prepositure,
1245 844 1301 888 nec

100 937 221 1017 postea,
244 935 323 1017 quod
338 934 389 997 alii
404 934 608 997 Flandrenses
624 932 780 1019 preposito
791 931 821 1016 ²)
839 937 942 995 essent
959 929 1081 1003 subditi,
1096 932 1154 994 nisi
1165 932 1215 1015 qui
1230 935 1301 994 tuuc

5 1098 6 1101 ,
99 1042 307 1105 tautummodo
331 1042 506 1106 habitabant
527 1042 557 1103 in
574 1040 708 1111 deserto,
734 1041 814 1124 quod
841 1045 946 1103 sancte
969 1038 1190 1102 recordationis
1208 1037 1301 1102 Geisa

100 1151 192 1232 pater
208 1169 281 1211 suus
298 1148 534 1212 lllaudrensibus
553 1154 758 1220 concesserat,
777 1153 807 1211 et
823 1148 853 1210 iu
871 1147 976 1210 eodem
993 1147 1100 1209 futuris
1113 1147 1301 1228 temporibus

101 1261 208 1318 essent
234 1256 413 1320 babitaturi.
443 1256 506 1320 Nos
538 1276 610 1322 vero
641 1258 721 1320 idem
745 1277 811 1320 cum
836 1256 954 1319 dominc
978 1275 1054 1336 rege
1079 1255 1247 1318 sentientes
1271 1264 1301 1319 et

102 1363 233 1425 eandem
255 1364 536 1448 interpretationem
560 1364 705 1428 babentes
736 1368 766 1428 in
795 1366 892 1428 animo
913 1363 1084 1449 predictum
1108 1363 1232 1428 verbum
1256 1365 1301 1427 sic

100 1471 351 1554 interpretamur,
365 1473 444 1556 quod
459 1474 497 1537 de
515 1473 601 1536 nullis
615 1473 682 1537 aliis
696 1473 931 1537 Flandrensibus
943 1472 1144 1536 intelleximus
1158 1491 1214 1535 nec
1226 1469 1302 1534 alios

103 1580 300 1662 prepositure
332 1583 563 1665 supposuimus,
596 1583 653 1645 nisi
685 1582 838 1645 dumtaxat
865 1581 949 1652 illos,
985 1582 1037 1663 qui
1063 1584 1216 1662 tempore,
1241 1599 1301 1662 quo

100 1688 202 1772 ipsam
224 1673 445 1772 preposituram
463 1690 690 1772 constituimus,
716 1691 745 1753 in
762 1690 814 1752 illo
831 1693 945 1752 tantum
958 1688 1144 1760 habitabant,
1170 1693 1201 1752 et
1217 1693 1302 1751 crant

103 1794 271 1857 habitaturi
287 1798 419 1868 deserto,
441 1798 518 1882 quod
537 1777 628 1861 Geisa
645 1819 697 1861 rex
713 1796 952 1861 Flandrensibus
968 1795 1121 1881 prioribus
1138 1797 1301 1860 concessit.

98 1903 140 1965 Et
157 1906 191 1965 ut
206 1903 265 1968 bec
290 1910 393 1968 nostra
410 1910 441 1969 et
456 1906 567 1969 domini
590 1910 675 1989 regis
697 1907 908 1991 interpretatio
925 1907 1006 1968 omni
1022 1912 1159 1988 tempore
1175 1904 1299 1988 plenum

102 2010 199 2072 robur
216 2016 248 2074 et
263 2011 376 2076 firmam
393 2013 585 2077 stabilitatem
602 2014 745 2085 obtineat,
762 2015 817 2077 bas
834 2013 904 2077 inde
920 2015 1049 2103 litteras
1060 2012 1155 2077 scribi
1177 2013 1301 2076 manda-

98 2119 217 2191 rimus,¹
230 2124 259 2182 et
276 2120 377 2202 sigillo
394 2126 498 2185 nostro
515 2121 642 2186 fecimus
661 2121 799 2202 sigillari.

605 2417 607 2422 V
683 2323 721 2394 v.

552 2477 622 2534 arsa
643 2478 726 2550 (sao
746 2477 842 2551 ηπ).

192 2605 224 2666 ln
241 2606 360 2668 nomine
377 2610 480 2668 sancte
497 2605 639 2668 trinitatis
656 2611 686 2669 et
702 2605 857 2668 indiuidue
879 2606 1009 2668 unitatis.
1042 2605 1228 2669 Hcrnericus
1244 2606 1295 2668 dei

99 2705 208 2792 gracia
226 2712 389 2794 Hungarie,
407 2713 569 2784 Dalmacie,
588 2713 726 2784 Croacie,
743 2715 847 2785 Rame,
866 2713 1038 2799 Seruioque
1059 2731 1113 2774 rex
1136 2711 1166 2773 in
1183 2731 1298 2795 perpe·

97 2827 193 2883 tuum.
212 2819 284 2882 Cum
301 2821 449 2882 varietate
466 2825 633 2903 temporum
650 2822 768 2903 ingrata
785 2820 993 2884 mutabilitatis
1011 2819 1180 2883 delectatur
1201 2820 1298 2883 uicis-

96 2927 212 2998 sitndo,
235 2932 266 2989 et
289 2947 392 2989 rerum
416 2934 511 2990 metas
535 2927 685 3009 caligante
708 2928 852 2991 memoria
874 2928 971 2991 emula
995 2927 1128 2990 racionis
1158 2932 1298 2990 euertere

97 3035 260 3098 consueuit
276 3034 396 3106 obliuio,
414 3034 530 3098 idcirco
546 3037 710 3119 prouidens
729 3035 788 3099 sibi
805 3036 1005 3119 inposterum
1023 3035 1151 3097 bumana
1173 3036 1298 3118 capaci-

97 3144 171 3206 tatis
206 3141 318 3206 sollers
347 3142 514 3214 discrecio,
547 3147 578 3205 ut
606 3143 798 3224 negligencia
830 3146 1002 3205 remuneret
1031 3161 1047 3203 a
1079 3141 1297 3205 recordacione

97 3250 224 3320 tedium,
242 3249 395 3332 scripture
412 3268 578 3331 congruum
601 3250 782 3314 deliberauit
800 3250 915 3313 babere
932 3249 1109 3312 subsidium.
1132 3248 1241 3312 Notum
1258 3247 1299 3314 sit

100 3359 196 3439 igitur
222 3363 283 3420 tam
306 3345 499 3440 presentibus
524 3377 610 3443 quam
635 3359 776 3440 posteris,
803 3377 892 3441 quum
915 3358 952 3421 ad
973 3357 1151 3420 instanciam
1174 3377 1298 3439 precum

95 3465 205 3528 dilecti
222 3484 257 3526 ac
272 3464 374 3526 tidelis
397 3465 493 3527 nostri
509 3464 666 3528 Richardc'
675 3463 704 3548 ⁸)
725 3464 911 3529 orodiensis
925 3463 1075 3547 prepositi
1091 3468 1124 3527 rt
1139 3465 1296 3528 uniuersas

99 3573 316 3656 possessiones
339 3592 413 3655 quas
438 3572 570 3635 ecclesie
594 3572 674 3634 beati
693 3571 811 3634 Martini
829 3571 867 3634 dc
884 3570 967 3634 Orod
990 3568 1082 3633 babet
1097 3569 1175 3633 ultra
1193 3570 1296 3642 siluas,

99 3684 130 3742 et
154 3679 233 3742 ultra
251 3678 428 3750 Danubium,
445 3679 550 3742 tamin
568 3679 658 3751 uillis,
680 3683 740 3740 tam
757 3680 787 3741 in
804 3679 939 3761 piscinis,
962 3683 1022 3740 tam
1044 3676 1074 3738 in
1091 3678 1188 3749 metis,
1205 3697 1293 3761 quam

99 3789 129 3848 in
148 3785 311 3850 cuiuslibet
323 3786 511 3850 condicionis
529 3785 663 3849 eiusdem
681 3786 813 3850 ecclesie
829 3785 998 3850 hominibus
1015 3785 1167 3866 presentis
1184 3785 1295 3867 pagine

95 3895 272 3958 testimonio
291 3895 412 3977 dignum
432 3894 567 3958 duximus
584 3890 794 3958 corroborare.
819 3894 916 3957 llabet
939 3895 1041 3974 itaque
1058 3892 1190 3956 ecclesia
1212 3893 1295 3957 beati

95 4000 330 4064 Martiniuillas
353 4002 430 4064 ultra
453 4001 562 4072 siluas,
597 4020 720 4085 quarum
745 4003 862 4064 nomina
886 4001 945 4063 bec
978 4004 1063 4072 sunt,
1097 3998 1294 4088 decennepe,

98 4219 428 4227 --.—--—.-.——.—

117 4351 142 4411 ¹)
161 4351 215 4396 Bela
228 4354 296 4396 urrter
307 4351 391 4396 dassen
403 4350 538 4410 Regiorung
550 4351 593 4396 der
604 4351 677 4395 Streit
688 4353 768 4397 seineu
781 4352 870 4410 dulang
881 4353 956 4396 nahm.

117 4431 143 4493 ²)
162 4433 178 4477 i.
191 4445 212 4476 e.
225 4431 358 4477 cibiniensi.

117 4513 143 4574 ³)
161 4513 278 4558 llienardi.
299 4511 365 4570 (Van.
384 4511 407 4558 b.
425 4509 514 4571 Feje'r.)
