3150 5092
1215 295 1266 366 23

59 469 168 534 dictos
184 471 299 534 incolas
316 471 475 554 protulisti,
492 473 559 554 ipse
576 471 643 533 illas
659 474 801 554 tanquam
817 489 905 533 anon
928 490 983 533 suo
1002 468 1108 549 judice
1131 471 1266 553 promul-

60 583 165 659 gatas,
200 579 362 643 denunciet
389 579 485 642 nullas
517 599 596 642 esse.
628 579 736 641 Datum
767 578 909 641 Laterani
934 578 969 640 ll.
993 577 1062 641 udus
1087 578 1266 642 Decembris

59 705 145 749 anno
164 690 284 751 octauo.

619 867 716 938 ΧΧΙΙ.

631 1004 711 1058 1223.

158 1115 308 1179 llonorius
317 1116 388 1203 (PP.
401 1112 467 1199 ΙΙΙ.)
480 1153 517 1162 -
529 1112 1046 1197 Archiepiscopostrigoniensi-
1055 1113 1143 1195 Quod
1161 1113 1265 1178 dilecti

61 1222 121 1284 tilii
134 1221 228 1308 (Urlr.
244 1222 310 1285 XXI
323 1222 388 1308 bis)
406 1221 585 1284 Praelatum.
602 1219 792 1284 Venerabilis
808 1221 905 1284 frater
916 1226 1020 1284 noster
1097 1223 1265 1308 epsicopus

64 1331 301 1395 Vltraoiloonao
317 1331 395 1394 sicut
411 1349 515 1393 corum
532 1329 619 1393 nobis
642 1330 818 1410 conquestio
833 1329 981 1410 patefecit
997 1331 1028 1392 in
1045 1349 1080 1392 ea
1099 1329 1158 1392 sibi
1173 1329 1265 1392 iuris-

60 1437 230 1500 dictionem
240 1435 322 1521 (xxi
329 1434 394 1521 bis)
403 1435 618 1510 molestentur;
636 1436 717 1499 dicto
731 1437 876 1518 episcopo
884 1435 1020 1499 dedimus
1028 1436 1266 1508 inmundatis,rt

59 1545 170 1627 siquas
178 1543 263 1630 (XXI
270 1542 334 1628 bis)
341 1544 484 1607 tolerare.
495 1542 629 1625 ldeoque
640 1543 821 1606 fraternitati
834 1547 886 1606 tue
898 1563 954 1627 per
970 1541 1137 1626 apostolica
1150 1543 1265 1627 scripta

59 1650 252 1723 mandamus,
280 1655 436 1733 quatenus,
462 1653 520 1713 nisi
538 1651 634 1714 dictus
652 1652 817 1734 episcopus
839 1652 920 1714 iuxta
936 1652 1104 1715 mandatum
1128 1657 1264 1715 nostrum

59 1761 221 1822 curauerit
236 1779 384 1824 reuocare
401 1761 577 1832 sententias,
606 1761 633 1822 si
649 1781 723 1844 quas
739 1760 769 1822 in
795 1760 972 1842 sepedictus
999 1761 1115 1824 incolas
1132 1763 1264 1844 promul-

57 1869 166 1948 gauit,
183 1868 302 1940 tuillas,
320 1872 458 1952 tanquam
477 1888 493 1930 a
509 1889 567 1931 non
584 1888 638 1931 suo
654 1868 755 1933 iudice
768 1867 983 1950 promulgatas,
993 1868 1158 1934 denuncies
1168 1870 1264 1934 nullas

58 1957 145 2037 esse.
172 1973 282 2037 Datum
296 1975 450 2047 Laterani,
467 1975 569 2038 idibus
585 1975 776 2047 Decembris,
795 1975 877 2037 Anno
893 1980 1009 2039 octauo.

611 2160 720 2230 xxru.
756 2113 758 2116 ⁵

624 2296 705 2350 1223.

154 2405 188 2466 ln
211 2407 327 2468 nomine
350 2410 454 2470 sancte
469 2406 628 2478 trinitatis,
653 2415 684 2468 et
705 2405 859 2469 indiuiduo
883 2406 1018 2469 unitatis.
1043 2404 1182 2470 Andreas
1204 2405 1262 2469 Dei

57 2514 161 2595 gratia
177 2513 331 2594 Hungarie
343 2515 497 2578 Dalmacie
512 2513 638 2578 Croacie
657 2514 749 2578 Rame
766 2513 874 2577 Seruio
891 2514 1009 2578 Galicie
1021 2514 1264 2598 bodomarieque

56 2641 114 2683 rex
138 2622 170 2684 in
199 2625 389 2703 perpetuum.
415 2621 487 2685 Cum
517 2621 651 2706 quelibet
670 2621 752 2702 justa
770 2621 876 2705 petitio
890 2621 968 2704 apud
985 2623 1073 2703 regie
1089 2623 1262 2686 serenitatis

57 2728 271 2791 excellentiam
288 2729 328 2791 sit
344 2729 538 2802 admittenda,
549 2729 600 2792 illa
613 2731 740 2792 maxime
757 2731 868 2792 mereri
885 2734 1027 2793 consetur
1042 2734 1195 2812 optentum
1204 2748 1263 2812 que

57 2836 96 2899 ab
115 2837 216 2899 animo
242 2837 386 2900 diuinitus
408 2838 555 2920 inspirato
578 2837 749 2920 procedens
773 2837 911 2919 precedit
937 2837 1017 2901 uelle
1044 2838 1177 2921 petentis
1200 2837 1263 2899 lar·

55 2946 172 3027 giendo
194 2952 316 3008 terrena
344 2946 456 3010 lucrari
481 2947 606 3010 celestia
631 2952 662 3010 et
684 2946 901 3029 temporalibus
923 2947 1069 3010 institutis
1099 2948 1260 3032 acquirere

56 3053 253 3136 sempiterna.
279 3053 355 3116 Hinc
375 3057 423 3116 est
446 3053 526 3137 quod
553 3054 589 3117 ad
614 3054 823 3117 uniuersorum
847 3055 982 3116 notitiam
1006 3060 1114 3117 tenore
1130 3075 1262 3138 presen-

57 3163 138 3224 cium
161 3161 324 3242 peruenire
345 3161 491 3231 volumus,
516 3161 684 3246 quodcum
712 3160 796 3226 fideli
822 3179 859 3222 ac
883 3159 994 3225 dilecto
1017 3160 1130 3225 clerico
1156 3171 1260 3224 nostro

58 3269 208 3350 magistro
240 3268 391 3332 Gocctc'no
419 3273 547 3351 propter
579 3268 740 3332 indecidue
767 3267 923 3332 fidelitatis
951 3268 1095 3352 obsequia
1133 3273 1262 3332 montem

57 3377 166 3440 Sancti
184 3375 343 3439 Michaelis
373 3396 438 3439 cum
464 3377 596 3442 ecclesia
614 3383 646 3439 et
666 3380 749 3440 terra
767 3377 939 3460 pertinente
957 3378 1047 3440 situm
1068 3378 1098 3439 in
1117 3376 1258 3440 Ultrasil-

60 3485 147 3547 uanis
175 3482 328 3566 partibus,
360 3504 446 3567 quem
470 3485 509 3548 de
533 3484 706 3549 Zebiniensi
733 3486 863 3549 ecclesia
886 3486 916 3547 in
940 3486 1146 3550 concambium
1178 3491 1262 3550 terre

56 3591 215 3656 Borotnilc
239 3609 453 3672 receperamus
472 3592 559 3654 simul
582 3611 649 3656 cum
683 3590 820 3654 omnibus
843 3592 905 3654 suis
931 3593 1127 3674 pertinenciis
1153 3593 1260 3656 eodem

56 3700 123 3762 iure
141 3697 293 3760 libertatis
312 3714 441 3783 quo'nos
464 3699 689 3762 obtinueramus
711 3700 809 3762 libere
831 3719 867 3761 ac
883 3699 1011 3780 pacifice
1023 3699 1094 3779 jure
1110 3706 1258 3783 perpetuo

57 3803 273 3888 possidendam
296 3825 351 3888 per
379 3804 497 3867 fidelem
522 3810 655 3868 nostrum
674 3806 783 3870 Poulca
801 3807 904 3890 filium
921 3807 996 3870 Occi
1017 3806 1159 3870 Eliobim
1184 3826 1259 3869 con·

57 3913 245 3981 tulissemus,
261 3913 449 3995 postmodum
473 3933 621 3996 processu
644 3913 789 3996 temporis
814 3914 958 3977 diuinitus
980 3935 1004 3976 s.
1022 3915 1190 3997 inspirante
1205 3936 1261 3999 pro

56 4020 195 4084 remedio
224 4019 321 4082 anime
349 4040 404 4082 sue
431 4021 540 4084 intuitu
568 4025 672 4083 eterne
702 4021 910 4084 retributionis
942 4040 1000 4104 qua
1022 4042 1097 4086 unus
1126 4025 1255 4107 quisque

58 4127 246 4208 generaliter
267 4127 392 4208 indiget,
416 4129 598 4191 monasterio
622 4128 659 4190 de
682 4128 787 4193 Kcrcb
821 4128 1016 4201 contulisset,
1046 4129 1197 4192 accedens
1220 4129 1257 4192 ad
1343 4203 1353 4213 ι

58 4240 192 4299 nostram
209 4237 401 4317 presenciam
419 4237 511 4299 multa
524 4256 648 4319 precum
667 4235 833 4317 postulauit
844 4237 1090 4320 instancia,quod
1101 4237 1259 4300 donaciani

55 4365 108 4406 sue
139 4361 295 4405 assensum
323 4342 521 4425 preberemus
550 4347 581 4406 et
607 4342 770 4425 priuilegio
787 4345 873 4425 regie
890 4345 1078 4408 auctoritatis
1095 4345 1256 4409 confirma·

54 4473 162 4516 remus.
202 4449 276 4513 Cum
302 4451 398 4532 igitur
429 4453 516 4532 regie
556 4451 722 4514 maiestatis
754 4451 874 4515 intersit
902 4454 1012 4537 cuique
1042 4455 1107 4517 iura
1133 4454 1254 4535 integra
