<?xml version="1.0" encoding="UTF-8"?>
<!DOCTYPE html PUBLIC "-//W3C//DTD XHTML 1.0 Transitional//EN"
    "http://www.w3.org/TR/xhtml1/DTD/xhtml1-transitional.dtd">
<html xmlns="http://www.w3.org/1999/xhtml" xml:lang="en" lang="en">
 <head>
  <title>
</title>
<meta http-equiv="Content-Type" content="text/html;charset=utf-8" />
  <meta name='ocr-system' content='tesseract 3.04.00' />
  <meta name='ocr-capabilities' content='ocr_page ocr_carea ocr_par ocr_line ocrx_word'/>
</head>
<body>
  <div class='ocr_page' id='page_1' title='image "./fontesrerumaust26kommgoog_0291.png"; bbox 0 0 3150 5092; ppageno 0'>
   <div class='ocr_carea' id='block_1_1' title="bbox 1223 321 1297 391">
    <p class='ocr_par' dir='ltr' id='par_1_1' title="bbox 1223 321 1297 391">
     <span class='ocr_line' id='line_1_1' title="bbox 1223 321 1297 391; baseline 0.014 -1"><span class='ocrx_word' id='word_1_1' title='bbox 1223 321 1297 391; x_wconf 79' lang='lat'><strong>197</strong></span> 
     </span>
    </p>
   </div>
   <div class='ocr_carea' id='block_1_2' title="bbox 22 483 1298 795">
    <p class='ocr_par' dir='ltr' id='par_1_2' title="bbox 22 483 1298 795">
     <span class='ocr_line' id='line_1_2' title="bbox 22 483 1296 580; baseline 0.012 -35"><span class='ocrx_word' id='word_1_2' title='bbox 22 538 23 545; x_wconf 71' lang='grc'>,</span> <span class='ocrx_word' id='word_1_3' title='bbox 90 483 342 574; x_wconf 84' lang='lat' dir='ltr'><strong>firmitatemque</strong></span> <span class='ocrx_word' id='word_1_4' title='bbox 358 494 531 575; x_wconf 89' lang='lat' dir='ltr'><strong>perpetuam</strong></span> <span class='ocrx_word' id='word_1_5' title='bbox 543 496 702 575; x_wconf 80' lang='lat' dir='ltr'><strong>presentes</strong></span> <span class='ocrx_word' id='word_1_6' title='bbox 715 494 919 557; x_wconf 80' lang='lat' dir='ltr'><strong>concessimus</strong></span> <span class='ocrx_word' id='word_1_7' title='bbox 932 494 1048 560; x_wconf 82' lang='lat' dir='ltr'><strong>litteras</strong></span> <span class='ocrx_word' id='word_1_8' title='bbox 1062 494 1190 580; x_wconf 89' lang='lat' dir='ltr'><strong>duplicis</strong></span> <span class='ocrx_word' id='word_1_9' title='bbox 1202 494 1296 579; x_wconf 83' lang='lat' dir='ltr'><strong>sigilli</strong></span> 
     </span>
     <span class='ocr_line' id='line_1_3' title="bbox 90 600 1298 691; baseline 0.011 -34"><span class='ocrx_word' id='word_1_10' title='bbox 90 600 204 661; x_wconf 87' lang='lat' dir='ltr'><strong>nostri</strong></span> <span class='ocrx_word' id='word_1_11' title='bbox 236 600 398 663; x_wconf 82' lang='lat' dir='ltr'><strong>munimine</strong></span> <span class='ocrx_word' id='word_1_12' title='bbox 429 600 599 665; x_wconf 81' lang='lat' dir='ltr'><strong>roboratas.</strong></span> <span class='ocrx_word' id='word_1_13' title='bbox 630 602 736 665; x_wconf 89' lang='lat' dir='ltr'><strong>Datum</strong></span> <span class='ocrx_word' id='word_1_14' title='bbox 769 623 825 689; x_wconf 88' lang='lat' dir='ltr'><strong>per</strong></span> <span class='ocrx_word' id='word_1_15' title='bbox 855 623 960 669; x_wconf 90' lang='lat' dir='ltr'><strong>manus</strong></span> <span class='ocrx_word' id='word_1_16' title='bbox 991 605 1172 669; x_wconf 84' lang='lat' dir='ltr'><strong>venerabilis</strong></span> <span class='ocrx_word' id='word_1_17' title='bbox 1202 607 1298 691; x_wconf 90' lang='lat' dir='ltr'><strong>patris</strong></span> 
     </span>
     <span class='ocr_line' id='line_1_4' title="bbox 89 702 1298 795; baseline 0.01 -29"><span class='ocrx_word' id='word_1_18' title='bbox 89 702 223 771; x_wconf 87' lang='lat' dir='ltr'><strong>domini</strong></span> <span class='ocrx_word' id='word_1_19' title='bbox 251 707 406 772; x_wconf 83' lang='lat' dir='ltr'><strong>Theodori</strong></span> <span class='ocrx_word' id='word_1_20' title='bbox 428 709 477 772; x_wconf 88' lang='lat' dir='ltr'><strong>dei</strong></span> <span class='ocrx_word' id='word_1_21' title='bbox 509 710 611 792; x_wconf 88' lang='lat' dir='ltr'><strong>gracia</strong></span> <span class='ocrx_word' id='word_1_22' title='bbox 636 711 773 795; x_wconf 82' lang='lat' dir='ltr'><strong>episcopi</strong></span> <span class='ocrx_word' id='word_1_23' title='bbox 796 711 981 787; x_wconf 76' lang='lat' dir='ltr'><strong>leunensis,</strong></span> <span class='ocrx_word' id='word_1_24' title='bbox 1011 714 1079 777; x_wconf 91' lang='lat' dir='ltr'><strong>aule</strong></span> <span class='ocrx_word' id='word_1_25' title='bbox 1106 720 1209 777; x_wconf 87' lang='lat' dir='ltr'><strong>nostre</strong></span> <span class='ocrx_word' id='word_1_26' title='bbox 1230 714 1298 779; x_wconf 88' lang='lat' dir='ltr'><strong>vice</strong></span> 
     </span>
    </p>
   </div>
   <div class='ocr_carea' id='block_1_3' title="bbox 87 817 1294 1016">
    <p class='ocr_par' dir='ltr' id='par_1_3' title="bbox 87 817 1294 1016">
     <span class='ocr_line' id='line_1_5' title="bbox 88 817 1294 887; baseline 0.007 -10"><span class='ocrx_word' id='word_1_27' title='bbox 88 817 284 881; x_wconf 84' lang='lat' dir='ltr'><strong>cancellarii</strong></span> <span class='ocrx_word' id='word_1_28' title='bbox 302 817 402 881; x_wconf 90' lang='lat' dir='ltr'><strong>dilecti</strong></span> <span class='ocrx_word' id='word_1_29' title='bbox 427 825 457 884; x_wconf 89' lang='lat' dir='ltr'><strong>et</strong></span> <span class='ocrx_word' id='word_1_30' title='bbox 479 820 575 884; x_wconf 88' lang='lat' dir='ltr'><strong>tidelis</strong></span> <span class='ocrx_word' id='word_1_31' title='bbox 588 822 692 885; x_wconf 90' lang='lat' dir='ltr'><strong>nostri.</strong></span> <span class='ocrx_word' id='word_1_32' title='bbox 709 822 792 886; x_wconf 83' lang='lat' dir='ltr'><strong>Anno</strong></span> <span class='ocrx_word' id='word_1_33' title='bbox 806 821 917 885; x_wconf 90' lang='lat' dir='ltr'><strong>domini</strong></span> <span class='ocrx_word' id='word_1_34' title='bbox 928 820 1120 887; x_wconf 82' lang='lat' dir='ltr'>MCCLXXX.</span> <span class='ocrx_word' id='word_1_35' title='bbox 1139 823 1202 887; x_wconf 79' lang='lat' dir='ltr'><strong>vu.</strong></span> <span class='ocrx_word' id='word_1_36' title='bbox 1218 830 1294 886; x_wconf 72' lang='lat' dir='ltr'><strong>mrrl.</strong></span> 
     </span>
     <span class='ocr_line' id='line_1_6' title="bbox 87 921 993 1016; baseline 0.009 -30"><span class='ocrx_word' id='word_1_37' title='bbox 87 921 254 988; x_wconf 79' lang='lat' dir='ltr'><strong>kalendas</strong></span> <span class='ocrx_word' id='word_1_38' title='bbox 272 928 405 1009; x_wconf 80' lang='lat' dir='ltr'><strong>Augusti.</strong></span> <span class='ocrx_word' id='word_1_39' title='bbox 431 929 526 1010; x_wconf 87' lang='lat' dir='ltr'><strong>Regni</strong></span> <span class='ocrx_word' id='word_1_40' title='bbox 543 935 640 993; x_wconf 88' lang='lat' dir='ltr'><strong>autem</strong></span> <span class='ocrx_word' id='word_1_41' title='bbox 657 931 750 993; x_wconf 91' lang='lat' dir='ltr'><strong>nostri</strong></span> <span class='ocrx_word' id='word_1_42' title='bbox 768 951 844 994; x_wconf 86' lang='lat' dir='ltr'><strong>anno</strong></span> <span class='ocrx_word' id='word_1_43' title='bbox 861 936 945 996; x_wconf 85' lang='lat' dir='ltr'><strong>sexto</strong></span> <span class='ocrx_word' id='word_1_44' title='bbox 957 930 993 1016; x_wconf 90' lang='lat'><strong>¹).</strong></span> 
     </span>
    </p>
   </div>
   <div class='ocr_carea' id='block_1_4' title="bbox 654 1153 747 1348">
    <p class='ocr_par' dir='ltr' id='par_1_4' title="bbox 654 1153 747 1348">
     <span class='ocr_line' id='line_1_7' title="bbox 654 1153 747 1227; baseline 0.043 -4"><span class='ocrx_word' id='word_1_45' title='bbox 654 1153 747 1227; x_wconf 83' lang='lat' dir='ltr'><strong>CCV.</strong></span> 
     </span>
     <span class='ocr_line' id='line_1_8' title="bbox 662 1290 741 1348; baseline 0.013 -2"><span class='ocrx_word' id='word_1_46' title='bbox 662 1290 741 1348; x_wconf 81' lang='lat'><strong>1296.</strong></span> 
     </span>
    </p>
   </div>
   <div class='ocr_carea' id='block_1_5' title="bbox 14 1398 1292 3993">
    <p class='ocr_par' dir='ltr' id='par_1_5' title="bbox 14 1398 1292 3993">
     <span class='ocr_line' id='line_1_9' title="bbox 192 1398 1292 1489; baseline 0.004 -26"><span class='ocrx_word' id='word_1_47' title='bbox 192 1398 363 1483; x_wconf 82' lang='lat' dir='ltr'><strong>Capitulum</strong></span> <span class='ocrx_word' id='word_1_48' title='bbox 391 1404 521 1466; x_wconf 88' lang='lat' dir='ltr'><strong>ecclesie</strong></span> <span class='ocrx_word' id='word_1_49' title='bbox 553 1402 633 1468; x_wconf 85' lang='lat' dir='ltr'><strong>beati</strong></span> <span class='ocrx_word' id='word_1_50' title='bbox 665 1402 829 1489; x_wconf 82' lang='lat' dir='ltr'><strong>Mychaclis</strong></span> <span class='ocrx_word' id='word_1_51' title='bbox 862 1402 1036 1484; x_wconf 87' lang='lat' dir='ltr'><strong>archangeli</strong></span> <span class='ocrx_word' id='word_1_52' title='bbox 1067 1403 1292 1467; x_wconf 82' lang='lat' dir='ltr'><strong>Trnnssilvanie</strong></span> 
     </span>
     <span class='ocr_line' id='line_1_10' title="bbox 83 1508 1286 1597; baseline 0.003 -26"><span class='ocrx_word' id='word_1_53' title='bbox 83 1510 240 1572; x_wconf 89' lang='lat' dir='ltr'><strong>omnibus</strong></span> <span class='ocrx_word' id='word_1_54' title='bbox 257 1508 368 1573; x_wconf 76' lang='lat' dir='ltr'><strong>Christi</strong></span> <span class='ocrx_word' id='word_1_55' title='bbox 393 1510 530 1575; x_wconf 84' lang='lat' dir='ltr'><strong>fidelibus</strong></span> <span class='ocrx_word' id='word_1_56' title='bbox 553 1517 720 1595; x_wconf 79' lang='lat' dir='ltr'><strong>presentem</strong></span> <span class='ocrx_word' id='word_1_57' title='bbox 744 1513 885 1597; x_wconf 88' lang='lat' dir='ltr'><strong>pagiuam</strong></span> <span class='ocrx_word' id='word_1_58' title='bbox 906 1514 1089 1595; x_wconf 89' lang='lat' dir='ltr'><strong>inspecturis</strong></span> <span class='ocrx_word' id='word_1_59' title='bbox 1113 1512 1239 1576; x_wconf 87' lang='lat' dir='ltr'><strong>salutem</strong></span> <span class='ocrx_word' id='word_1_60' title='bbox 1255 1514 1286 1575; x_wconf 94' lang='lat' dir='ltr'><strong>in</strong></span> 
     </span>
     <span class='ocr_line' id='line_1_11' title="bbox 14 1619 1290 1706; baseline 0.002 -26"><span class='ocrx_word' id='word_1_61' title='bbox 14 1665 15 1670; x_wconf 18' lang='grc' dir='ltr'>η</span> <span class='ocrx_word' id='word_1_62' title='bbox 84 1620 233 1683; x_wconf 89' lang='lat' dir='ltr'><strong>omnium</strong></span> <span class='ocrx_word' id='word_1_63' title='bbox 249 1619 408 1684; x_wconf 87' lang='lat' dir='ltr'><strong>salvatore.</strong></span> <span class='ocrx_word' id='word_1_64' title='bbox 435 1621 578 1703; x_wconf 81' lang='lat' dir='ltr'><strong>Quoniam</strong></span> <span class='ocrx_word' id='word_1_65' title='bbox 595 1642 630 1685; x_wconf 91' lang='lat' dir='ltr'><strong>ea</strong></span> <span class='ocrx_word' id='word_1_66' title='bbox 647 1622 749 1705; x_wconf 83' lang='lat' dir='ltr'><strong>quein</strong></span> <span class='ocrx_word' id='word_1_67' title='bbox 766 1627 903 1706; x_wconf 89' lang='lat' dir='ltr'><strong>tempore</strong></span> <span class='ocrx_word' id='word_1_68' title='bbox 920 1627 1049 1702; x_wconf 86' lang='lat' dir='ltr'><strong>aguntur</strong></span> <span class='ocrx_word' id='word_1_69' title='bbox 1074 1641 1111 1685; x_wconf 92' lang='lat' dir='ltr'><strong>ne</strong></span> <span class='ocrx_word' id='word_1_70' title='bbox 1131 1641 1197 1685; x_wconf 90' lang='lat' dir='ltr'><strong>cum</strong></span> <span class='ocrx_word' id='word_1_71' title='bbox 1213 1626 1290 1685; x_wconf 89' lang='lat' dir='ltr'><strong>tem·</strong></span> 
     </span>
     <span class='ocr_line' id='line_1_12' title="bbox 14 1728 1290 1813; baseline 0.002 -22"><span class='ocrx_word' id='word_1_72' title='bbox 14 1746 16 1782; x_wconf 77' lang='lat'><em>2</em></span> <span class='ocrx_word' id='word_1_73' title='bbox 85 1747 175 1812; x_wconf 90' lang='lat' dir='ltr'><strong>pore</strong></span> <span class='ocrx_word' id='word_1_74' title='bbox 192 1728 348 1793; x_wconf 88' lang='lat' dir='ltr'><strong>elabantur</strong></span> <span class='ocrx_word' id='word_1_75' title='bbox 363 1730 429 1813; x_wconf 89' lang='lat' dir='ltr'><strong>ipsa</strong></span> <span class='ocrx_word' id='word_1_76' title='bbox 447 1738 513 1794; x_wconf 93' lang='lat' dir='ltr'><strong>acta</strong></span> <span class='ocrx_word' id='word_1_77' title='bbox 531 1732 566 1795; x_wconf 91' lang='lat' dir='ltr'><strong>ad</strong></span> <span class='ocrx_word' id='word_1_78' title='bbox 584 1731 728 1795; x_wconf 89' lang='lat' dir='ltr'><strong>cautelam</strong></span> <span class='ocrx_word' id='word_1_79' title='bbox 747 1736 778 1794; x_wconf 89' lang='lat' dir='ltr'><strong>et</strong></span> <span class='ocrx_word' id='word_1_80' title='bbox 793 1737 825 1793; x_wconf 92' lang='lat' dir='ltr'><strong>ut</strong></span> <span class='ocrx_word' id='word_1_81' title='bbox 841 1729 955 1794; x_wconf 86' lang='lat' dir='ltr'><strong>firmius</strong></span> <span class='ocrx_word' id='word_1_82' title='bbox 972 1734 1054 1793; x_wconf 89' lang='lat' dir='ltr'><strong>stent</strong></span> <span class='ocrx_word' id='word_1_83' title='bbox 1069 1739 1101 1794; x_wconf 92' lang='lat' dir='ltr'><strong>et</strong></span> <span class='ocrx_word' id='word_1_84' title='bbox 1123 1731 1290 1813; x_wconf 87' lang='lat' dir='ltr'><strong>perdurent</strong></span> 
     </span>
     <span class='ocr_line' id='line_1_13' title="bbox 14 1837 1289 1921; baseline 0.002 -22"><span class='ocrx_word' id='word_1_85' title='bbox 14 1868 15 1871; x_wconf 36' lang='lat'>¹</span> <span class='ocrx_word' id='word_1_86' title='bbox 87 1837 467 1919; x_wconf 85' lang='lat' dir='ltr'><strong>patrociniolitterarum</strong></span> <span class='ocrx_word' id='word_1_87' title='bbox 500 1846 721 1904; x_wconf 76' lang='lat' dir='ltr'><strong>consueuerunt</strong></span> <span class='ocrx_word' id='word_1_88' title='bbox 752 1838 904 1909; x_wconf 86' lang='lat' dir='ltr'><strong>roborari,</strong></span> <span class='ocrx_word' id='word_1_89' title='bbox 928 1838 1054 1921; x_wconf 91' lang='lat' dir='ltr'><strong>proinde</strong></span> <span class='ocrx_word' id='word_1_90' title='bbox 1084 1841 1289 1903; x_wconf 84' lang='lat' dir='ltr'><strong>universorum</strong></span> 
     </span>
     <span class='ocr_line' id='line_1_14' title="bbox 14 1946 1289 2033; baseline 0 -22"><span class='ocrx_word' id='word_1_91' title='bbox 14 1999 16 2003; x_wconf 60' lang='grc'>,</span> <span class='ocrx_word' id='word_1_92' title='bbox 88 1946 227 2021; x_wconf 88' lang='lat' dir='ltr'><strong>noticie,</strong></span> <span class='ocrx_word' id='word_1_93' title='bbox 249 1952 308 2011; x_wconf 87' lang='lat' dir='ltr'><strong>lam</strong></span> <span class='ocrx_word' id='word_1_94' title='bbox 331 1950 519 2033; x_wconf 87' lang='lat' dir='ltr'><strong>presencium</strong></span> <span class='ocrx_word' id='word_1_95' title='bbox 546 1969 631 2033; x_wconf 89' lang='lat' dir='ltr'><strong>quam</strong></span> <span class='ocrx_word' id='word_1_96' title='bbox 659 1952 837 2020; x_wconf 81' lang='lat' dir='ltr'><strong>futurorum,</strong></span> <span class='ocrx_word' id='word_1_97' title='bbox 860 1949 965 2012; x_wconf 82' lang='lat' dir='ltr'><strong>harrrm</strong></span> <span class='ocrx_word' id='word_1_98' title='bbox 991 1949 1071 2012; x_wconf 88' lang='lat' dir='ltr'><strong>serie</strong></span> <span class='ocrx_word' id='word_1_99' title='bbox 1092 1947 1289 2019; x_wconf 88' lang='lat' dir='ltr'><strong>declaramus,</strong></span> 
     </span>
     <span class='ocr_line' id='line_1_15' title="bbox 15 2056 1287 2146; baseline 0.001 -27"><span class='ocrx_word' id='word_1_100' title='bbox 15 2077 19 2081; x_wconf 90' lang='lat'>·</span> <span class='ocrx_word' id='word_1_101' title='bbox 88 2056 179 2142; x_wconf 87' lang='lat' dir='ltr'><strong>quod</strong></span> <span class='ocrx_word' id='word_1_102' title='bbox 205 2056 315 2120; x_wconf 88' lang='lat' dir='ltr'><strong>nobilis</strong></span> <span class='ocrx_word' id='word_1_103' title='bbox 337 2058 452 2123; x_wconf 82' lang='lat' dir='ltr'><strong>iuvenis</strong></span> <span class='ocrx_word' id='word_1_104' title='bbox 469 2060 606 2144; x_wconf 79' lang='lat' dir='ltr'><strong>Mychael</strong></span> <span class='ocrx_word' id='word_1_105' title='bbox 624 2058 702 2123; x_wconf 91' lang='lat' dir='ltr'><strong>filius</strong></span> <span class='ocrx_word' id='word_1_106' title='bbox 720 2061 837 2123; x_wconf 88' lang='lat' dir='ltr'><strong>comitis</strong></span> <span class='ocrx_word' id='word_1_107' title='bbox 857 2058 973 2121; x_wconf 86' lang='lat' dir='ltr'><strong>Thome</strong></span> <span class='ocrx_word' id='word_1_108' title='bbox 992 2057 1030 2121; x_wconf 89' lang='lat' dir='ltr'><strong>dc</strong></span> <span class='ocrx_word' id='word_1_109' title='bbox 1044 2056 1287 2146; x_wconf 61' lang='lat' dir='ltr'><strong>Hydeplrooff),</strong></span> 
     </span>
     <span class='ocr_line' id='line_1_16' title="bbox 87 2164 1288 2249; baseline 0.001 -21"><span class='ocrx_word' id='word_1_110' title='bbox 87 2184 153 2247; x_wconf 89' lang='lat' dir='ltr'><strong>pro</strong></span> <span class='ocrx_word' id='word_1_111' title='bbox 172 2186 207 2229; x_wconf 89' lang='lat' dir='ltr'><strong>se</strong></span> <span class='ocrx_word' id='word_1_112' title='bbox 231 2170 261 2229; x_wconf 89' lang='lat' dir='ltr'><strong>et</strong></span> <span class='ocrx_word' id='word_1_113' title='bbox 283 2186 337 2249; x_wconf 90' lang='lat' dir='ltr'><strong>pro</strong></span> <span class='ocrx_word' id='word_1_114' title='bbox 360 2168 485 2231; x_wconf 87' lang='lat' dir='ltr'><strong>Nicolao</strong></span> <span class='ocrx_word' id='word_1_115' title='bbox 511 2170 604 2233; x_wconf 82' lang='lat' dir='ltr'><strong>tratre</strong></span> <span class='ocrx_word' id='word_1_116' title='bbox 627 2189 680 2232; x_wconf 89' lang='lat' dir='ltr'><strong>suo</strong></span> <span class='ocrx_word' id='word_1_117' title='bbox 703 2168 826 2239; x_wconf 83' lang='lat' dir='ltr'><strong>carnali,</strong></span> <span class='ocrx_word' id='word_1_118' title='bbox 856 2188 956 2231; x_wconf 91' lang='lat' dir='ltr'><strong>coram</strong></span> <span class='ocrx_word' id='word_1_119' title='bbox 980 2166 1066 2231; x_wconf 90' lang='lat' dir='ltr'><strong>nohis</strong></span> <span class='ocrx_word' id='word_1_120' title='bbox 1090 2164 1288 2249; x_wconf 81' lang='lat' dir='ltr'><strong>personaliter</strong></span> 
     </span>
     <span class='ocr_line' id='line_1_17' title="bbox 90 2275 1287 2359; baseline 0.002 -22"><span class='ocrx_word' id='word_1_121' title='bbox 90 2275 293 2348; x_wconf 88' lang='lat' dir='ltr'><strong>constitutus,</strong></span> <span class='ocrx_word' id='word_1_122' title='bbox 318 2277 475 2341; x_wconf 80' lang='lat' dir='ltr'><strong>consessus</strong></span> <span class='ocrx_word' id='word_1_123' title='bbox 495 2284 541 2341; x_wconf 92' lang='lat' dir='ltr'><strong>est</strong></span> <span class='ocrx_word' id='word_1_124' title='bbox 563 2300 598 2341; x_wconf 84' lang='lat' dir='ltr'><strong>se</strong></span> <span class='ocrx_word' id='word_1_125' title='bbox 617 2298 703 2342; x_wconf 89' lang='lat' dir='ltr'><strong>vnurn</strong></span> <span class='ocrx_word' id='word_1_126' title='bbox 728 2282 856 2341; x_wconf 89' lang='lat' dir='ltr'><strong>montem</strong></span> <span class='ocrx_word' id='word_1_127' title='bbox 873 2277 1021 2339; x_wconf 85' lang='lat' dir='ltr'><strong>valentem</strong></span> <span class='ocrx_word' id='word_1_128' title='bbox 1037 2296 1092 2359; x_wconf 91' lang='lat' dir='ltr'><strong>pro</strong></span> <span class='ocrx_word' id='word_1_129' title='bbox 1109 2296 1166 2359; x_wconf 91' lang='lat' dir='ltr'><strong>ope</strong></span> <span class='ocrx_word' id='word_1_130' title='bbox 1185 2278 1287 2348; x_wconf 86' lang='lat' dir='ltr'><strong>castri,</strong></span> 
     </span>
     <span class='ocr_line' id='line_1_18' title="bbox 89 2384 1286 2470; baseline -0.001 -23"><span class='ocrx_word' id='word_1_131' title='bbox 89 2404 166 2447; x_wconf 91' lang='lat' dir='ltr'><strong>cum</strong></span> <span class='ocrx_word' id='word_1_132' title='bbox 195 2384 322 2469; x_wconf 86' lang='lat' dir='ltr'><strong>quadam</strong></span> <span class='ocrx_word' id='word_1_133' title='bbox 339 2386 453 2450; x_wconf 86' lang='lat' dir='ltr'><strong>modico</strong></span> <span class='ocrx_word' id='word_1_134' title='bbox 471 2386 617 2470; x_wconf 85' lang='lat' dir='ltr'><strong>particula</strong></span> <span class='ocrx_word' id='word_1_135' title='bbox 634 2391 717 2450; x_wconf 88' lang='lat' dir='ltr'><strong>terre</strong></span> <span class='ocrx_word' id='word_1_136' title='bbox 745 2392 775 2449; x_wconf 87' lang='lat' dir='ltr'><strong>et</strong></span> <span class='ocrx_word' id='word_1_137' title='bbox 803 2386 888 2449; x_wconf 83' lang='lat' dir='ltr'><strong>silua</strong></span> <span class='ocrx_word' id='word_1_138' title='bbox 911 2384 947 2447; x_wconf 86' lang='lat' dir='ltr'><strong>ad</strong></span> <span class='ocrx_word' id='word_1_139' title='bbox 971 2384 1066 2467; x_wconf 89' lang='lat' dir='ltr'><strong>ipsam</strong></span> <span class='ocrx_word' id='word_1_140' title='bbox 1088 2391 1216 2446; x_wconf 91' lang='lat' dir='ltr'><strong>montem</strong></span> <span class='ocrx_word' id='word_1_141' title='bbox 1238 2387 1286 2448; x_wconf 93' lang='lat' dir='ltr'><strong>in-</strong></span> 
     </span>
     <span class='ocr_line' id='line_1_19' title="bbox 88 2493 1285 2580; baseline 0.002 -24"><span class='ocrx_word' id='word_1_142' title='bbox 88 2493 231 2557; x_wconf 88' lang='lat' dir='ltr'><strong>mediate</strong></span> <span class='ocrx_word' id='word_1_143' title='bbox 247 2495 420 2577; x_wconf 85' lang='lat' dir='ltr'><strong>pertinenti,</strong></span> <span class='ocrx_word' id='word_1_144' title='bbox 441 2495 479 2558; x_wconf 91' lang='lat' dir='ltr'><strong>de</strong></span> <span class='ocrx_word' id='word_1_145' title='bbox 491 2496 615 2580; x_wconf 88' lang='lat' dir='ltr'><strong>quadam</strong></span> <span class='ocrx_word' id='word_1_146' title='bbox 629 2498 824 2579; x_wconf 89' lang='lat' dir='ltr'><strong>possessione</strong></span> <span class='ocrx_word' id='word_1_147' title='bbox 842 2516 895 2557; x_wconf 86' lang='lat' dir='ltr'><strong>suo</strong></span> <span class='ocrx_word' id='word_1_148' title='bbox 907 2493 1035 2578; x_wconf 65' lang='lat' dir='ltr'><strong>noerae)</strong></span> <span class='ocrx_word' id='word_1_149' title='bbox 1053 2498 1169 2569; x_wconf 85' lang='lat' dir='ltr'><strong>vocata,</strong></span> <span class='ocrx_word' id='word_1_150' title='bbox 1187 2496 1285 2567; x_wconf 91' lang='lat' dir='ltr'><strong>metis,</strong></span> 
     </span>
     <span class='ocr_line' id='line_1_20' title="bbox 14 2601 1285 2687; baseline 0 -22"><span class='ocrx_word' id='word_1_151' title='bbox 14 2626 17 2632; x_wconf 79' lang='grc'><strong>’</strong></span> <span class='ocrx_word' id='word_1_152' title='bbox 89 2610 123 2667; x_wconf 89' lang='lat' dir='ltr'><strong>et</strong></span> <span class='ocrx_word' id='word_1_153' title='bbox 144 2604 244 2685; x_wconf 86' lang='lat' dir='ltr'><strong>signis</strong></span> <span class='ocrx_word' id='word_1_154' title='bbox 262 2609 430 2687; x_wconf 90' lang='lat' dir='ltr'><strong>separatum</strong></span> <span class='ocrx_word' id='word_1_155' title='bbox 447 2609 478 2666; x_wconf 89' lang='lat' dir='ltr'><strong>et</strong></span> <span class='ocrx_word' id='word_1_156' title='bbox 502 2604 686 2677; x_wconf 89' lang='lat' dir='ltr'><strong>distinctum,</strong></span> <span class='ocrx_word' id='word_1_157' title='bbox 710 2626 745 2667; x_wconf 86' lang='lat' dir='ltr'><strong>ex</strong></span> <span class='ocrx_word' id='word_1_158' title='bbox 761 2603 840 2669; x_wconf 78' lang='lat' dir='ltr'><strong>bone</strong></span> <span class='ocrx_word' id='word_1_159' title='bbox 857 2601 1009 2666; x_wconf 83' lang='lat' dir='ltr'><strong>voluntate</strong></span> <span class='ocrx_word' id='word_1_160' title='bbox 1032 2601 1134 2665; x_wconf 85' lang='lat' dir='ltr'><strong>fratris</strong></span> <span class='ocrx_word' id='word_1_161' title='bbox 1151 2604 1196 2665; x_wconf 89' lang='lat' dir='ltr'><strong>sui</strong></span> <span class='ocrx_word' id='word_1_162' title='bbox 1213 2623 1285 2686; x_wconf 91' lang='lat' dir='ltr'><strong>pre·</strong></span> 
     </span>
     <span class='ocr_line' id='line_1_21' title="bbox 15 2711 1285 2797; baseline 0.001 -25"><span class='ocrx_word' id='word_1_163' title='bbox 15 2750 19 2772; x_wconf 68' lang='lat'>2</span> <span class='ocrx_word' id='word_1_164' title='bbox 87 2712 182 2776; x_wconf 87' lang='lat' dir='ltr'><strong>libati</strong></span> <span class='ocrx_word' id='word_1_165' title='bbox 213 2732 248 2774; x_wconf 91' lang='lat' dir='ltr'><strong>ac</strong></span> <span class='ocrx_word' id='word_1_166' title='bbox 272 2712 396 2775; x_wconf 91' lang='lat' dir='ltr'><strong>aliorum</strong></span> <span class='ocrx_word' id='word_1_167' title='bbox 420 2718 613 2795; x_wconf 84' lang='lat' dir='ltr'><strong>cognatorum</strong></span> <span class='ocrx_word' id='word_1_168' title='bbox 641 2718 673 2777; x_wconf 93' lang='lat' dir='ltr'><strong>et</strong></span> <span class='ocrx_word' id='word_1_169' title='bbox 691 2714 922 2797; x_wconf 89' lang='lat' dir='ltr'><strong>propinquorum</strong></span> <span class='ocrx_word' id='word_1_170' title='bbox 940 2730 1060 2774; x_wconf 90' lang='lat' dir='ltr'><strong>suorum</strong></span> <span class='ocrx_word' id='word_1_171' title='bbox 1077 2711 1285 2793; x_wconf 90' lang='lat' dir='ltr'><strong>permissione,</strong></span> 
     </span>
     <span class='ocr_line' id='line_1_22' title="bbox 15 2817 1284 2905; baseline -0.003 -20"><span class='ocrx_word' id='word_1_172' title='bbox 15 2856 19 2869; x_wconf 25' lang='grc' dir='ltr'>ἢ</span> <span class='ocrx_word' id='word_1_173' title='bbox 88 2842 152 2905; x_wconf 92' lang='lat' dir='ltr'><strong>pro</strong></span> <span class='ocrx_word' id='word_1_174' title='bbox 166 2821 276 2903; x_wconf 86' lang='lat' dir='ltr'><strong>viginti</strong></span> <span class='ocrx_word' id='word_1_175' title='bbox 292 2822 401 2884; x_wconf 87' lang='lat' dir='ltr'><strong>marcis</strong></span> <span class='ocrx_word' id='word_1_176' title='bbox 417 2821 468 2884; x_wconf 87' lang='lat' dir='ltr'><strong>lini</strong></span> <span class='ocrx_word' id='word_1_177' title='bbox 485 2824 614 2903; x_wconf 82' lang='lat' dir='ltr'><strong>argenti,</strong></span> <span class='ocrx_word' id='word_1_178' title='bbox 632 2822 752 2905; x_wconf 91' lang='lat' dir='ltr'><strong>pupulis</strong></span> <span class='ocrx_word' id='word_1_179' title='bbox 773 2820 810 2883; x_wconf 91' lang='lat' dir='ltr'><strong>de</strong></span> <span class='ocrx_word' id='word_1_180' title='bbox 828 2819 894 2883; x_wconf 87' lang='lat' dir='ltr'><strong>villa</strong></span> <span class='ocrx_word' id='word_1_181' title='bbox 908 2817 1093 2899; x_wconf 60' lang='lat' dir='ltr'><strong>Hcoloolml)</strong></span> <span class='ocrx_word' id='word_1_182' title='bbox 1106 2839 1160 2902; x_wconf 93' lang='lat' dir='ltr'><strong>pro</strong></span> <span class='ocrx_word' id='word_1_183' title='bbox 1177 2818 1284 2901; x_wconf 87' lang='lat' dir='ltr'><strong>quibus</strong></span> 
     </span>
     <span class='ocr_line' id='line_1_23' title="bbox 89 2926 1285 3012; baseline -0.003 -19"><span class='ocrx_word' id='word_1_184' title='bbox 89 2935 176 2993; x_wconf 84' lang='lat' dir='ltr'><strong>etex</strong></span> <span class='ocrx_word' id='word_1_185' title='bbox 193 2928 301 3012; x_wconf 89' lang='lat' dir='ltr'><strong>quibus</strong></span> <span class='ocrx_word' id='word_1_186' title='bbox 322 2930 456 2993; x_wconf 82' lang='lat' dir='ltr'><strong>Andreas</strong></span> <span class='ocrx_word' id='word_1_187' title='bbox 484 2930 562 2993; x_wconf 88' lang='lat' dir='ltr'><strong>lilius</strong></span> <span class='ocrx_word' id='word_1_188' title='bbox 581 2930 721 2993; x_wconf 83' lang='lat' dir='ltr'><strong>Hermoni</strong></span> <span class='ocrx_word' id='word_1_189' title='bbox 749 2928 787 2991; x_wconf 90' lang='lat' dir='ltr'><strong>de</strong></span> <span class='ocrx_word' id='word_1_190' title='bbox 814 2930 877 3011; x_wconf 85' lang='lat' dir='ltr'><strong>ipsa</strong></span> <span class='ocrx_word' id='word_1_191' title='bbox 903 2927 971 2991; x_wconf 84' lang='lat' dir='ltr'><strong>villa</strong></span> <span class='ocrx_word' id='word_1_192' title='bbox 988 2926 1162 3009; x_wconf 89' lang='lat' dir='ltr'><strong>comparuit,</strong></span> <span class='ocrx_word' id='word_1_193' title='bbox 1179 2926 1285 2989; x_wconf 86' lang='lat' dir='ltr'><strong>vendi-</strong></span> 
     </span>
     <span class='ocr_line' id='line_1_24' title="bbox 14 3035 1283 3124; baseline -0.001 -24"><span class='ocrx_word' id='word_1_194' title='bbox 14 3065 16 3099; x_wconf 79' lang='lat'>:</span> <span class='ocrx_word' id='word_1_195' title='bbox 91 3038 194 3111; x_wconf 90' lang='lat' dir='ltr'><strong>disse,</strong></span> <span class='ocrx_word' id='word_1_196' title='bbox 212 3044 243 3100; x_wconf 92' lang='lat' dir='ltr'><strong>et</strong></span> <span class='ocrx_word' id='word_1_197' title='bbox 258 3040 350 3123; x_wconf 89' lang='lat' dir='ltr'><strong>ipsam</strong></span> <span class='ocrx_word' id='word_1_198' title='bbox 368 3040 522 3121; x_wconf 89' lang='lat' dir='ltr'><strong>pecuniam</strong></span> <span class='ocrx_word' id='word_1_199' title='bbox 541 3040 618 3103; x_wconf 88' lang='lat' dir='ltr'><strong>idem</strong></span> <span class='ocrx_word' id='word_1_200' title='bbox 648 3037 786 3124; x_wconf 85' lang='lat' dir='ltr'><strong>Mychacl</strong></span> <span class='ocrx_word' id='word_1_201' title='bbox 812 3036 947 3121; x_wconf 89' lang='lat' dir='ltr'><strong>plenarie</strong></span> <span class='ocrx_word' id='word_1_202' title='bbox 973 3035 1126 3117; x_wconf 89' lang='lat' dir='ltr'><strong>recepisse</strong></span> <span class='ocrx_word' id='word_1_203' title='bbox 1148 3035 1220 3098; x_wconf 86' lang='lat' dir='ltr'><strong>dixit</strong></span> <span class='ocrx_word' id='word_1_204' title='bbox 1247 3035 1283 3099; x_wconf 86' lang='lat' dir='ltr'><strong>ab</strong></span> 
     </span>
     <span class='ocr_line' id='line_1_25' title="bbox 18 3144 1283 3229; baseline -0.001 -20"><span class='ocrx_word' id='word_1_205' title='bbox 18 3205 19 3220; x_wconf 65' lang='grc'>,</span> <span class='ocrx_word' id='word_1_206' title='bbox 91 3147 231 3221; x_wconf 89' lang='lat' dir='ltr'><strong>eisdem,</strong></span> <span class='ocrx_word' id='word_1_207' title='bbox 257 3145 414 3228; x_wconf 88' lang='lat' dir='ltr'><strong>obligando</strong></span> <span class='ocrx_word' id='word_1_208' title='bbox 436 3168 470 3209; x_wconf 91' lang='lat' dir='ltr'><strong>se</strong></span> <span class='ocrx_word' id='word_1_209' title='bbox 487 3148 584 3211; x_wconf 91' lang='lat' dir='ltr'><strong>dictus</strong></span> <span class='ocrx_word' id='word_1_210' title='bbox 603 3146 761 3229; x_wconf 81' lang='lat' dir='ltr'><strong>Mychnel,</strong></span> <span class='ocrx_word' id='word_1_211' title='bbox 784 3151 815 3211; x_wconf 86' lang='lat' dir='ltr'><strong>vt</strong></span> <span class='ocrx_word' id='word_1_212' title='bbox 832 3147 858 3209; x_wconf 91' lang='lat' dir='ltr'><strong>si</strong></span> <span class='ocrx_word' id='word_1_213' title='bbox 879 3163 1024 3229; x_wconf 90' lang='lat' dir='ltr'><strong>processu</strong></span> <span class='ocrx_word' id='word_1_214' title='bbox 1040 3144 1194 3226; x_wconf 90' lang='lat' dir='ltr'><strong>temporis,</strong></span> <span class='ocrx_word' id='word_1_215' title='bbox 1210 3165 1283 3228; x_wconf 90' lang='lat' dir='ltr'><strong>pre·</strong></span> 
     </span>
     <span class='ocr_line' id='line_1_26' title="bbox 90 3253 1282 3337; baseline -0.002 -19.173"><span class='ocrx_word' id='word_1_216' title='bbox 90 3256 167 3318; x_wconf 91' lang='lat' dir='ltr'><strong>dicti</strong></span> <span class='ocrx_word' id='word_1_217' title='bbox 185 3254 288 3337; x_wconf 91' lang='lat' dir='ltr'><strong>pupuli</strong></span> <span class='ocrx_word' id='word_1_218' title='bbox 306 3254 343 3317; x_wconf 88' lang='lat' dir='ltr'><strong>de</strong></span> <span class='ocrx_word' id='word_1_219' title='bbox 360 3255 512 3329; x_wconf 89' lang='lat' dir='ltr'><strong>Henholm,</strong></span> <span class='ocrx_word' id='word_1_220' title='bbox 539 3257 657 3319; x_wconf 87' lang='lat' dir='ltr'><strong>racione</strong></span> <span class='ocrx_word' id='word_1_221' title='bbox 675 3256 750 3319; x_wconf 88' lang='lat' dir='ltr'><strong>dicti</strong></span> <span class='ocrx_word' id='word_1_222' title='bbox 765 3254 874 3318; x_wconf 90' lang='lat' dir='ltr'><strong>montis</strong></span> <span class='ocrx_word' id='word_1_223' title='bbox 891 3254 937 3317; x_wconf 86' lang='lat' dir='ltr'><strong>vel</strong></span> <span class='ocrx_word' id='word_1_224' title='bbox 955 3253 1146 3316; x_wconf 89' lang='lat' dir='ltr'><strong>attinencium</strong></span> <span class='ocrx_word' id='word_1_225' title='bbox 1163 3272 1282 3315; x_wconf 91' lang='lat' dir='ltr'><strong>suorum</strong></span> 
     </span>
     <span class='ocr_line' id='line_1_27' title="bbox 89 3361 1281 3449; baseline 0 -24"><span class='ocrx_word' id='word_1_226' title='bbox 89 3363 308 3448; x_wconf 88' lang='lat' dir='ltr'><strong>predictorum,</strong></span> <span class='ocrx_word' id='word_1_227' title='bbox 322 3384 376 3445; x_wconf 91' lang='lat' dir='ltr'><strong>per</strong></span> <span class='ocrx_word' id='word_1_228' title='bbox 392 3367 561 3449; x_wconf 84' lang='lat' dir='ltr'><strong>quempiam</strong></span> <span class='ocrx_word' id='word_1_229' title='bbox 577 3366 786 3449; x_wconf 89' lang='lat' dir='ltr'><strong>inpeterentur</strong></span> <span class='ocrx_word' id='word_1_230' title='bbox 806 3363 853 3429; x_wconf 86' lang='lat' dir='ltr'><strong>vel</strong></span> <span class='ocrx_word' id='word_1_231' title='bbox 870 3366 899 3426; x_wconf 92' lang='lat' dir='ltr'><strong>in</strong></span> <span class='ocrx_word' id='word_1_232' title='bbox 912 3362 965 3444; x_wconf 90' lang='lat' dir='ltr'><strong>jus</strong></span> <span class='ocrx_word' id='word_1_233' title='bbox 981 3361 1180 3434; x_wconf 88' lang='lat' dir='ltr'><strong>traherentur,</strong></span> <span class='ocrx_word' id='word_1_234' title='bbox 1203 3362 1281 3425; x_wconf 90' lang='lat' dir='ltr'><strong>idem</strong></span> 
     </span>
     <span class='ocr_line' id='line_1_28' title="bbox 15 3456 1281 3557; baseline -0.001 -20"><span class='ocrx_word' id='word_1_235' title='bbox 15 3456 18 3480; x_wconf 64' lang='lat'><em>⁶</em></span> <span class='ocrx_word' id='word_1_236' title='bbox 91 3494 160 3537; x_wconf 88' lang='lat' dir='ltr'><strong>cum</strong></span> <span class='ocrx_word' id='word_1_237' title='bbox 178 3474 294 3556; x_wconf 84' lang='lat' dir='ltr'><strong>prelato</strong></span> <span class='ocrx_word' id='word_1_238' title='bbox 311 3474 405 3536; x_wconf 85' lang='lat' dir='ltr'><strong>tratre</strong></span> <span class='ocrx_word' id='word_1_239' title='bbox 422 3495 486 3546; x_wconf 90' lang='lat' dir='ltr'><strong>suo,</strong></span> <span class='ocrx_word' id='word_1_240' title='bbox 505 3479 535 3537; x_wconf 86' lang='lat' dir='ltr'><strong>el</strong></span> <span class='ocrx_word' id='word_1_241' title='bbox 559 3476 605 3537; x_wconf 92' lang='lat' dir='ltr'><strong>sui</strong></span> <span class='ocrx_word' id='word_1_242' title='bbox 629 3495 836 3547; x_wconf 86' lang='lat' dir='ltr'><strong>successores,</strong></span> <span class='ocrx_word' id='word_1_243' title='bbox 855 3472 983 3557; x_wconf 87' lang='lat' dir='ltr'><strong>populos</strong></span> <span class='ocrx_word' id='word_1_244' title='bbox 1011 3472 1164 3553; x_wconf 81' lang='lat' dir='ltr'><strong>sepefatos</strong></span> <span class='ocrx_word' id='word_1_245' title='bbox 1188 3491 1281 3557; x_wconf 83' lang='lat' dir='ltr'><strong>expe-</strong></span> 
     </span>
     <span class='ocr_line' id='line_1_29' title="bbox 92 3578 1280 3666; baseline 0 -21"><span class='ocrx_word' id='word_1_246' title='bbox 92 3582 161 3645; x_wconf 88' lang='lat' dir='ltr'><strong>dire</strong></span> <span class='ocrx_word' id='word_1_247' title='bbox 177 3588 362 3655; x_wconf 86' lang='lat' dir='ltr'><strong>tenerentur,</strong></span> <span class='ocrx_word' id='word_1_248' title='bbox 387 3584 518 3666; x_wconf 90' lang='lat' dir='ltr'><strong>propriis</strong></span> <span class='ocrx_word' id='word_1_249' title='bbox 535 3582 689 3648; x_wconf 88' lang='lat' dir='ltr'><strong>laboribus</strong></span> <span class='ocrx_word' id='word_1_250' title='bbox 711 3590 741 3646; x_wconf 90' lang='lat' dir='ltr'><strong>et</strong></span> <span class='ocrx_word' id='word_1_251' title='bbox 763 3582 903 3666; x_wconf 85' lang='lat' dir='ltr'><strong>expensis</strong></span> <span class='ocrx_word' id='word_1_252' title='bbox 921 3589 951 3644; x_wconf 89' lang='lat' dir='ltr'><strong>et</strong></span> <span class='ocrx_word' id='word_1_253' title='bbox 969 3582 997 3642; x_wconf 93' lang='lat' dir='ltr'><strong>in</strong></span> <span class='ocrx_word' id='word_1_254' title='bbox 1014 3578 1139 3662; x_wconf 86' lang='lat' dir='ltr'><strong>pacifica</strong></span> <span class='ocrx_word' id='word_1_255' title='bbox 1155 3601 1280 3662; x_wconf 90' lang='lat' dir='ltr'><strong>posses·</strong></span> 
     </span>
     <span class='ocr_line' id='line_1_30' title="bbox 93 3688 1279 3776; baseline -0.001 -22"><span class='ocrx_word' id='word_1_256' title='bbox 93 3693 184 3755; x_wconf 89' lang='lat' dir='ltr'><strong>sione</strong></span> <span class='ocrx_word' id='word_1_257' title='bbox 200 3692 272 3755; x_wconf 90' lang='lat' dir='ltr'><strong>dicti</strong></span> <span class='ocrx_word' id='word_1_258' title='bbox 289 3694 398 3755; x_wconf 89' lang='lat' dir='ltr'><strong>montis</strong></span> <span class='ocrx_word' id='word_1_259' title='bbox 421 3693 623 3776; x_wconf 90' lang='lat' dir='ltr'><strong>indempnitcr</strong></span> <span class='ocrx_word' id='word_1_260' title='bbox 646 3713 839 3757; x_wconf 90' lang='lat' dir='ltr'><strong>conseruare.</strong></span> <span class='ocrx_word' id='word_1_261' title='bbox 867 3691 898 3752; x_wconf 94' lang='lat' dir='ltr'><strong>ln</strong></span> <span class='ocrx_word' id='word_1_262' title='bbox 927 3690 1011 3753; x_wconf 90' lang='lat' dir='ltr'><strong>cuius</strong></span> <span class='ocrx_word' id='word_1_263' title='bbox 1036 3688 1081 3749; x_wconf 91' lang='lat' dir='ltr'><strong>rei</strong></span> <span class='ocrx_word' id='word_1_264' title='bbox 1108 3689 1279 3753; x_wconf 88' lang='lat' dir='ltr'><strong>memoriam</strong></span> 
     </span>
     <span class='ocr_line' id='line_1_31' title="bbox 91 3795 1279 3885; baseline -0.003 -21"><span class='ocrx_word' id='word_1_265' title='bbox 91 3801 307 3873; x_wconf 89' lang='lat' dir='ltr'><strong>testimonium,</strong></span> <span class='ocrx_word' id='word_1_266' title='bbox 325 3806 562 3885; x_wconf 88' lang='lat' dir='ltr'><strong>perpetuamque</strong></span> <span class='ocrx_word' id='word_1_267' title='bbox 579 3802 745 3865; x_wconf 81' lang='lat' dir='ltr'><strong>firmitatem</strong></span> <span class='ocrx_word' id='word_1_268' title='bbox 762 3805 921 3885; x_wconf 91' lang='lat' dir='ltr'><strong>presentes</strong></span> <span class='ocrx_word' id='word_1_269' title='bbox 932 3795 1136 3861; x_wconf 89' lang='lat' dir='ltr'><strong>concessimus</strong></span> <span class='ocrx_word' id='word_1_270' title='bbox 1153 3796 1279 3872; x_wconf 86' lang='lat' dir='ltr'><strong>litteras,</strong></span> 
     </span>
     <span class='ocr_line' id='line_1_32' title="bbox 14 3906 1280 3993; baseline -0.001 -19"><span class='ocrx_word' id='word_1_271' title='bbox 14 3927 15 3932; x_wconf 73' lang='grc'>’</span> <span class='ocrx_word' id='word_1_272' title='bbox 92 3910 188 3993; x_wconf 88' lang='lat' dir='ltr'><strong>sigilli</strong></span> <span class='ocrx_word' id='word_1_273' title='bbox 211 3911 303 3973; x_wconf 89' lang='lat' dir='ltr'><strong>nostri</strong></span> <span class='ocrx_word' id='word_1_274' title='bbox 327 3910 489 3975; x_wconf 89' lang='lat' dir='ltr'><strong>munimine</strong></span> <span class='ocrx_word' id='word_1_275' title='bbox 512 3911 677 3976; x_wconf 86' lang='lat' dir='ltr'><strong>roboratas.</strong></span> <span class='ocrx_word' id='word_1_276' title='bbox 701 3911 820 3982; x_wconf 86' lang='lat' dir='ltr'><strong>Datum,</strong></span> <span class='ocrx_word' id='word_1_277' title='bbox 837 3906 995 3991; x_wconf 82' lang='lat' dir='ltr'><strong>ltlyclraele</strong></span> <span class='ocrx_word' id='word_1_278' title='bbox 1013 3906 1167 3989; x_wconf 88' lang='lat' dir='ltr'><strong>preposito</strong></span> <span class='ocrx_word' id='word_1_279' title='bbox 1183 3907 1280 3973; x_wconf 91' lang='lat' dir='ltr'><strong>electo</strong></span> 
     </span>
    </p>
   </div>
   <div class='ocr_carea' id='block_1_6' title="bbox 125 4204 1279 4337">
    <p class='ocr_par' dir='ltr' id='par_1_6' title="bbox 125 4204 1279 4337">
     <span class='ocr_line' id='line_1_33' title="bbox 125 4204 1279 4271; baseline 0 -18"><span class='ocrx_word' id='word_1_280' title='bbox 125 4208 149 4269; x_wconf 85' lang='lat'><strong>¹)</strong></span> <span class='ocrx_word' id='word_1_281' title='bbox 169 4212 216 4255; x_wconf 87' lang='lat' dir='ltr'><strong>lJer</strong></span> <span class='ocrx_word' id='word_1_282' title='bbox 231 4208 325 4267; x_wconf 78' lang='lat' dir='ltr'><strong>lngebe</strong></span> <span class='ocrx_word' id='word_1_283' title='bbox 342 4209 382 4255; x_wconf 86' lang='lat' dir='ltr'><strong>des</strong></span> <span class='ocrx_word' id='word_1_284' title='bbox 404 4210 427 4256; x_wconf 83' lang='lat' dir='ltr'><strong>lr.</strong></span> <span class='ocrx_word' id='word_1_285' title='bbox 446 4210 669 4271; x_wconf 78' lang='lat' dir='ltr'><strong>Regioruugsjehrcs</strong></span> <span class='ocrx_word' id='word_1_286' title='bbox 688 4212 782 4271; x_wconf 85' lang='lat' dir='ltr'><strong>nulolge</strong></span> <span class='ocrx_word' id='word_1_287' title='bbox 808 4212 839 4256; x_wconf 86' lang='lat' dir='ltr'><strong>ist</strong></span> <span class='ocrx_word' id='word_1_288' title='bbox 854 4210 877 4254; x_wconf 90' lang='lat' dir='ltr'><strong>in</strong></span> <span class='ocrx_word' id='word_1_289' title='bbox 899 4208 941 4252; x_wconf 88' lang='lat' dir='ltr'><strong>der</strong></span> <span class='ocrx_word' id='word_1_290' title='bbox 967 4204 1075 4251; x_wconf 79' lang='lat' dir='ltr'><strong>Jahrzahl</strong></span> <span class='ocrx_word' id='word_1_291' title='bbox 1100 4205 1137 4249; x_wconf 90' lang='lat' dir='ltr'><strong>cin</strong></span> <span class='ocrx_word' id='word_1_292' title='bbox 1158 4207 1279 4267; x_wconf 84' lang='lat' dir='ltr'><strong>Xausge·</strong></span> 
     </span>
     <span class='ocr_line' id='line_1_34' title="bbox 166 4291 267 4337; baseline 0 -2"><span class='ocrx_word' id='word_1_293' title='bbox 166 4291 267 4337; x_wconf 82' lang='lat' dir='ltr'><strong>blichen.</strong></span> 
     </span>
    </p>
   </div>
   <div class='ocr_carea' id='block_1_7' title="bbox 14 4372 314 4433">
    <p class='ocr_par' dir='ltr' id='par_1_7' title="bbox 14 4372 314 4433">
     <span class='ocr_line' id='line_1_35' title="bbox 14 4372 314 4433; baseline -0.007 -15"><span class='ocrx_word' id='word_1_294' title='bbox 14 4420 15 4429; x_wconf 20' lang='lat' dir='ltr'><strong>p</strong></span> <span class='ocrx_word' id='word_1_295' title='bbox 123 4372 148 4433; x_wconf 77' lang='lat'><strong>²)</strong></span> <span class='ocrx_word' id='word_1_296' title='bbox 165 4374 314 4418; x_wconf 84' lang='lat' dir='ltr'><strong>Kallwasser.</strong></span> 
     </span>
    </p>
   </div>
   <div class='ocr_carea' id='block_1_8' title="bbox 123 4453 298 4598">
    <p class='ocr_par' dir='ltr' id='par_1_8' title="bbox 123 4453 298 4598">
     <span class='ocr_line' id='line_1_36' title="bbox 123 4453 223 4513; baseline 0 -14"><span class='ocrx_word' id='word_1_297' title='bbox 123 4453 148 4513; x_wconf 76' lang='grc'><strong>3)</strong></span> <span class='ocrx_word' id='word_1_298' title='bbox 167 4456 223 4500; x_wconf 83' lang='lat' dir='ltr'><strong>serr.</strong></span> 
     </span>
     <span class='ocr_line' id='line_1_37' title="bbox 123 4534 298 4598; baseline 0.006 -17"><span class='ocrx_word' id='word_1_299' title='bbox 123 4534 148 4595; x_wconf 82' lang='lat'><strong>⁴)</strong></span> <span class='ocrx_word' id='word_1_300' title='bbox 166 4536 298 4598; x_wconf 82' lang='lat' dir='ltr'><strong>Burgherg.</strong></span> 
     </span>
    </p>
   </div>
   <div class='ocr_carea' id='block_1_9' title="bbox 0 0 1588 5092">
    <p class='ocr_par' dir='ltr' id='par_1_9' title="bbox 0 0 1588 5092">
     <span class='ocr_line' id='line_1_38' title="bbox 0 0 1588 5092; baseline 0 0"><span class='ocrx_word' id='word_1_301' title='bbox 0 0 1588 5092; x_wconf 95' lang='lat' dir='ltr'><strong> </strong></span> 
     </span>
    </p>
   </div>
  </div>
 </body>
</html>
