3150 5092
1257 283 1307 356 53

107 455 233 518 monitis
249 474 310 517 non
328 457 547 538 acquieverint,
563 461 608 530 tu,
630 457 767 541 partibus
784 457 968 528 convocatis,
990 456 1094 521 audias
1111 478 1250 531 causam
1267 466 1309 532 et,

108 564 135 624 si
163 562 203 624 de
227 563 361 646 ipsarum
389 562 540 629 voluntate
564 565 767 648 processerit,
800 562 903 628 debito
930 562 990 628 fine
1024 565 1164 638 decidas;
1194 568 1309 630 iaciens

109 671 192 754 quod
226 669 419 744 decreveris,
453 692 509 754 per
538 691 696 736 censuram
721 670 958 735 ecclesiasticam
982 671 1110 736 firmiter
1143 674 1308 737 observari.

109 777 237 842 Proviso
257 799 296 841 ne
312 779 343 840 in
359 783 470 842 terram
488 779 582 863 ipsius
600 781 683 859 regis
700 778 985 842 excomunicationis
1003 779 1053 842 rel
1068 781 1223 845 interdicti
1239 803 1310 845 sen·

108 886 233 948 tentiam
255 887 437 969 proferatis,
469 887 528 950 nisi
559 887 729 952 mandatum
761 907 855 970 super
886 886 944 950 boc
976 890 1156 971 receperitis
1183 910 1201 952 a
1224 889 1310 953 nobis

110 996 261 1077 speciale3
292 995 422 1079 alioquin
446 1015 567 1060 causam
595 996 730 1059 remittas
763 995 801 1057 ad
828 1013 884 1057 nos
906 994 1093 1060 sufficienter
1119 998 1308 1071 instructam,

108 1101 298 1184 prefigentes
313 1101 450 1185 partibus
467 1104 626 1167 terminum
644 1106 876 1185 competentem,
894 1122 952 1185 quo
965 1109 1068 1166 nostro
1080 1124 1116 1166 se
1131 1105 1309 1187 conspectui

107 1214 347 1293 representant‚'
359 1211 477 1283 iustam,
496 1216 622 1276 auctore
643 1211 778 1281 domino,
801 1211 981 1273 sententiam
999 1216 1172 1294 receptore.
1197 1213 1307 1277 Testes

107 1321 219 1391 autem,
245 1319 297 1400 qui
313 1317 424 1381 fuerint
449 1319 609 1392 nominati,
635 1322 660 1382 si
688 1338 722 1381 se
743 1317 858 1399 gratim
880 1317 965 1392 odio,
987 1318 1036 1381 vel
1058 1319 1168 1383 timore
1183 1318 1305 1384 subtra-

105 1425 220 1496 xerint;
251 1445 380 1488 censura
402 1427 502 1497 simili,
527 1424 729 1510 appellatione
752 1428 909 1497 cessante,
936 1426 1052 1507 cogatis
1076 1427 1196 1490 veritati
1218 1430 1308 1492 testi·

106 1533 241 1596 monium
263 1532 439 1615 perbibere;
465 1532 736 1597 nonobstantibus
764 1531 872 1595 litteris
895 1553 989 1616 super
1013 1533 1060 1596 his
1077 1533 1115 1597 ad
1131 1571 1176 1581 -
1192 1534 1306 1600 Craco·

104 1641 242 1704 riensem
275 1645 306 1701 et
337 1640 545 1704 Cniariensem
572 1641 735 1724 episcopos
763 1659 779 1702 a
814 1638 889 1703 sede
925 1640 1092 1721 apostolica
1126 1642 1304 1724 impetratis.

104 1750 216 1812 Datum
237 1749 374 1830 Anagnia
395 1747 431 1810 ll.
451 1747 570 1811 kalend.
596 1746 805 1832 Septembris,
828 1746 1021 1829 pontificatus
1045 1751 1142 1814 nostri
1158 1771 1234 1813 anno
1253 1751 1302 1815 Vl.

670 2076 739 2145 bll.

439 2241 440 2244 ¹
480 2255 560 2316 1232,
580 2257 623 2310 22.
641 2256 767 2310 October.
787 2255 926 2326 Anagoi.

198 2391 368 2472 Gregorius
391 2398 449 2456 etc.
478 2391 599 2455 Dilecto
628 2392 731 2457 lilio..
746 2440 752 2455 .
767 2439 774 2454 .
788 2391 888 2456 electo
916 2393 1109 2465 Prenestino,
1137 2393 1305 2475 apostolice

102 2502 188 2565 sedis
214 2499 314 2581 legato
341 2499 531 2582 significante
554 2499 720 2564 venerabili
743 2501 838 2563 fratre
854 2503 956 2562 nostro
970 2547 1094 2562 ......
1114 2500 1304 2564 Ultrasilva-

100 2631 217 2674 norum
248 2610 414 2695 episcopo,
446 2628 500 2671 nos
530 2611 649 2672 noveris
681 2609 857 2692 accepisse,
893 2607 973 2690 quod
1001 2627 1069 2671 cum
1107 2628 1162 2670 nos
1194 2609 1304 2672 dudum

5 2783 8 2798 ,
103 2719 219 2782 dilecto
245 2715 305 2779 tilio
322 2715 430 2796 Egidio
455 2715 656 2786 subdiacono,
685 2719 716 2778 et
734 2713 890 2799 capellano
906 2719 1008 2778 nostro
1032 2720 1102 2778 tunc
1121 2715 1151 2777 in
1171 2714 1304 2798 Ungaria

103 2825 247 2889 existenti
266 2825 488 2886 comisissemus
506 2843 644 2897 causam,
661 2842 721 2905 que
736 2824 817 2886 inter
833 2824 932 2904 ipsum
952 2842 988 2884 ex
1004 2826 1090 2905 parte
1107 2843 1181 2896 nna,
1205 2830 1302 2887 et...

105 2932 328 3003 ...abbatem
362 2936 393 2994 et
425 2936 603 2995 conventum
634 2930 809 2994 monasterii
841 2930 882 2993 de
911 2931 1005 2995 Cluso
1037 2929 1303 2997 Ultrasilvanensis

102 3043 260 3106 dioecesis
298 3060 334 3102 ex
374 3039 468 3101 altera
505 3059 598 3120 super
636 3042 716 3102 statu
755 3035 892 3119 ejusdem
932 3039 1106 3101 monasterii
1137 3039 1304 3104 dinoscitur

103 3151 231 3232 agitari,
272 3153 302 3210 et
324 3147 404 3210 idem
423 3165 544 3210 causam
574 3145 612 3210 de
643 3147 799 3230 utriusque
829 3145 925 3228 partis
957 3166 1083 3209 assensu
1111 3146 1147 3209 ad
1179 3167 1304 3210 examen

104 3258 189 3322 sedis
219 3255 386 3339 apostolice
414 3254 600 3325 remisisset,
632 3253 687 3317 sub
710 3272 806 3336 poena
830 3253 1147 3318 excommunicationis
1169 3254 1303 3338 partibus

102 3362 306 3448 injungendo,
347 3369 378 3426 nt
404 3365 435 3424 in
463 3362 577 3426 octavis
607 3363 735 3426 omnium
764 3365 937 3424 sanctornm
967 3361 1029 3442 jam
1056 3363 1219 3426 transactis
1247 3382 1303 3446 per

104 3494 158 3550 se,
192 3471 240 3535 vel
275 3475 488 3554 procuratores
519 3468 645 3533 idoneos
675 3474 776 3533 nostro
807 3489 842 3532 se
872 3471 1049 3551 conspectui
1082 3475 1303 3552 presentarent,

104 3583 185 3646 sicut
210 3579 292 3642 idem
322 3578 495 3662 capellanus
525 3579 681 3642 confessus
712 3579 768 3640 fuit
791 3575 981 3660 postmodum
1003 3579 1034 3640 in
1054 3585 1158 3641 nostra
1183 3585 1214 3641 et
1242 3579 1304 3641 fra-

5 3673 6 3676 *
104 3697 183 3753 trum
211 3692 382 3750 nostrornm
403 3687 557 3770 presentia
575 3686 766 3761 constitutus,
789 3686 861 3747 licet
882 3684 912 3745 in
928 3684 1042 3769 prefixo
1060 3685 1187 3749 termino
1201 3707 1301 3750 coram

103 3799 193 3862 nobis
210 3795 413 3878 comparuerit
435 3793 568 3875 ejusdem
583 3793 720 3879 episcopi
736 3796 914 3875 procurator
933 3811 989 3876 pro
1008 3797 1094 3874 parte
1112 3798 1211 3858 tamen
1228 3817 1302 3878 pre-

104 3910 266 3971 missorum
294 3902 411 3966 abbatis
439 3907 470 3965 et
498 3906 662 3966 conventus
687 3901 785 3964 nullus
809 3901 975 3983 comparuit
998 3904 1193 3983 responsalis.
1215 3903 1302 3967 Unde

103 4014 262 4096 nosipsos
284 4012 391 4074 iterum
414 4010 542 4073 fecimus
564 4031 619 4093 per
640 4009 843 4072 venerabilem
866 4008 989 4071 fratrem
1006 4015 1140 4074 nostrum
1158 4056 1300 4073 .......

104 4125 284 4208 episcopum
322 4118 542 4184 Cenadiensem
576 4118 662 4182 citari
691 4117 726 4181 ad
756 4118 869 4181 festum
900 4116 1064 4194 nativitatis
1091 4118 1181 4180 beate
1208 4117 1302 4181 blanc

104 4231 241 4316 proxime
265 4229 328 4309 jam
355 4231 550 4302 transactum,
579 4247 636 4309 pro
664 4225 868 4309 peremptorio
894 4224 1085 4304 assignantes
1114 4224 1240 4296 eisdem,
1264 4223 1300 4292 ad

103 4359 194 4425 quem
222 4337 283 4419 ipsi
311 4356 367 4399 nec
394 4336 511 4414 venire,
539 4355 595 4398 nec
623 4355 678 4420 pro
706 4356 740 4398 se
763 4336 992 4416 procuratorem
1019 4332 1159 4395 idoneum
1182 4331 1302 4394 mittere

104 4448 297 4517 curaverunt,
325 4447 521 4528 procuratore
546 4441 607 4524 jam
630 4442 704 4506 dicti
728 4443 867 4526 episcopi
883 4439 963 4523 apud
980 4439 1084 4502 sedem
1107 4439 1301 4521 apostolicam
