3150 5092
609 472 774 544 XXXVssl.

513 609 594 672 razo,
616 609 659 664 17.
678 610 756 663 neor.
776 609 861 662 nom.

182 718 333 781 Honorius
363 755 406 766 —-
440 719 546 799 regine
585 717 737 800 Hungarie
767 755 812 766 —
847 717 1028 800 Sperantes,
1066 712 1145 798 quod
1178 733 1287 795 preces

87 831 210 890 nostras
234 825 311 892 velis
330 826 494 890 efficaciter
510 826 667 898 exaudire,
691 826 853 909 presertim
876 827 907 888 in
923 824 988 894 his,
1015 842 1074 906 qne
1101 821 1287 883 manifestam

88 934 247 998 continent
262 935 415 1017 pietatem,
433 936 463 996 et
479 934 516 996 ad
533 935 660 998 salutem
679 933 849 997 charissimi
865 933 894 995 in
914 930 1034 994 Christo
1059 929 1112 992 lilii
1133 930 1228 991 nostri
1250 931 1285 991 Α.

87 1041 218 1104 illustris
241 1042 325 1123 regis
351 1040 512 1122 ilungarie,
529 1044 586 1105 viri
603 1042 656 1112 tui,
679 1047 709 1104 et
723 1049 814 1111 tuam,
832 1061 888 1104 non
906 1045 953 1103 est
968 1038 1099 1110 dubium,
1117 1038 1284 1120 pertinere3

93 1149 294 1212 serenitatem
316 1155 395 1211 tuam
419 1155 533 1212 attente
552 1150 715 1232 rogandam
741 1148 876 1212 duximus
901 1153 931 1211 et
951 1148 1114 1216 hortamur,
1139 1150 1286 1228 quatenus

91 1256 258 1338 diligenter
287 1261 317 1319 et
342 1256 506 1320 efficaciter
530 1259 627 1339 ipsum
655 1277 759 1339 regem
792 1256 935 1327 inducas,
961 1260 991 1319 vt
1020 1254 1101 1336 juxta
1124 1273 1232 1337 preces
1257 1260 1287 1317 et

92 1367 318 1428 exhortationes
335 1369 454 1427 nostras
478 1365 596 1429 dilectis
623 1364 710 1435 filiis,
738 1363 881 1428 iratribus
915 1364 1025 1429 domos
1049 1369 1161 1426 cande
1182 1361 1288 1426 Mario

94 1473 359 1538 dheodonieorom
390 1473 530 1535 restituat
557 1477 653 1535 terras
683 1477 713 1536 et
740 1474 798 1536 alia
826 1473 983 1543 rniuersa,
1016 1489 1074 1552 que
1098 1490 1154 1552 per
1188 1470 1286 1552 ipsum

89 1601 208 1664 regem,
224 1581 271 1644 rel
286 1583 410 1644 nuncios
422 1579 487 1658 ejus
502 1587 571 1643 sunt
583 1581 696 1644 eisdem
714 1580 827 1652 ablata;
846 1586 876 1644 et
887 1580 1078 1643 satisfaciens
1091 1579 1146 1648 eis,
1156 1580 1287 1640 etsatis-

92 1689 161 1753 ficri
177 1689 295 1752 faciens
314 1690 351 1750 de
367 1689 481 1750 damnis
499 1693 529 1751 ct
545 1688 661 1768 injuriis
678 1689 832 1770 irrogatis,
849 1691 890 1751 ita
907 1689 990 1770 ipsos
1008 1685 1120 1758 diuino,
1138 1692 1169 1749 et
1185 1692 1288 1749 nostro

14 1799 15 1802 ’
90 1798 201 1860 intuitu
224 1797 337 1867 foueat,
360 1799 499 1879 protegat
522 1805 551 1858 et
568 1794 720 1867 defendat,
745 1797 824 1879 quod
846 1796 978 1859 diuinam
1000 1795 1115 1858 euhoe
1136 1799 1288 1857 mereatur

92 1904 270 1988 specialiter
294 1905 436 1983 gratiam;
462 1911 492 1967 et
517 1924 580 1974 nos,
611 1905 661 1987 qui
693 1903 728 1966 ad
761 1904 892 1967 ultimum
916 1924 973 1967 non
1003 1903 1167 1987 poterimus
1198 1902 1288 1965 dictis

14 2001 15 2004 ¹
90 2012 237 2075 fratribus
255 2012 283 2073 in
301 2032 355 2074 sua
372 2011 481 2074 deesse
495 2011 621 2092 justitia,
639 2011 726 2073 aliter
742 2012 910 2094 procedere
928 2031 984 2074 non
1003 2029 1156 2092 cogamur.
1173 2009 1288 2072 Taliter

14 2105 15 2148 3
95 2126 195 2182 antem
216 2119 358 2182 exaudies
383 2138 493 2201 preces
517 2125 647 2190 nostras,
669 2120 748 2202 quod
771 2125 886 2201 gratnm
904 2119 1016 2182 hahere
1033 2119 1192 2202 possimus,
1206 2123 1236 2180 et
1252 2116 1290 2179 ed

92 2226 295 2290 exaudiendas
312 2233 389 2297 tuas,
407 2247 472 2290 cum
491 2228 667 2308 oportuerit,
685 2229 847 2292 reddamur
862 2228 968 2291 merito
987 2228 1153 2311 proniores.
1178 2226 1287 2288 Datum

90 2335 234 2399 Laterani
251 2334 325 2398 Xlll.
345 2334 403 2397 kal.
422 2333 528 2398 Martii.
546 2337 630 2397 Auno
647 2335 682 2396 X.

620 2519 757 2590 XXXIX.

515 2656 594 2718 1226,
614 2657 657 2711 17.
676 2657 752 2710 Febr.
773 2657 857 2710 Rom.

181 2749 332 2812 Honorius
351 2783 391 2796 -
409 2750 555 2833 episcopo
578 2751 825 2836 Wesprimiensi,
848 2755 879 2812 et
902 2787 945 2797 -
973 2751 1127 2833 preposito
1150 2749 1289 2820 Albensi,

93 2858 346 2941 wesprimiensis
365 2856 568 2921 dioecesis—
581 2857 667 2922 Sicut
684 2859 862 2922 charissimo
879 2860 908 2921 in
919 2857 1042 2922 Christo
1057 2858 1118 2921 lilio
1136 2862 1289 2920 nostro—

15 2953 16 2956 *
90 2967 205 3030 illustri
221 2966 289 3046 regi
307 2965 476 3048 Hungarie,
503 2965 563 3044 jam
591 2965 743 3029 multoties
760 2968 868 3030 litteris
885 2968 997 3029 nostris
1013 2965 1184 3029 insinuasse
1200 2985 1290 3029 reco-

92 3073 192 3145 limus,
218 3072 365 3155 inspcctis
388 3072 555 3155 priuilegiis
572 3070 649 3152 ejus,
675 3071 787 3155 liquido
813 3072 1037 3135 continentibus
1058 3073 1152 3155 ipsam
1177 3076 1289 3132 terram

92 3185 178 3246 Bocc
200 3179 250 3265 (rt
277 3199 368 3261 supra
390 3216 434 3225 —
457 3198 657 3261 nequeamus3
692 3179 792 3242 verbis
818 3184 1025 3262 competenter
1048 3178 1197 3264 mutatis).
1223 3177 1287 3258 Quo

14 3301 15 3306 ’
93 3291 176 3353 circa
203 3288 379 3351 discretioni
400 3292 502 3350 vestre
525 3309 579 3370 per
603 3287 768 3370 apostolica
798 3292 911 3372 scripta
933 3288 1120 3359 mandamns,
1144 3294 1289 3371 quatenns

93 3417 198 3479 regern
221 3397 336 3478 ipsum,
360 3396 599 3479 archiepiscopis
623 3402 654 3459 et
675 3397 829 3480 episcopis
851 3398 946 3479 ipsius
973 3398 1059 3478 regni
1086 3394 1290 3481 presentibus,

94 3505 129 3567 ad
155 3522 208 3574 ea,
238 3523 296 3587 que
321 3503 529 3585 premisimus,
559 3503 695 3566 facienda
717 3525 856 3575 monere,
885 3504 1049 3588 prudenter
1072 3511 1104 3566 ct
1124 3503 1290 3566 efficaciter

92 3612 242 3674 inducere
259 3610 424 3683 studentis3
442 3611 518 3694 quod
536 3611 606 3675 inde
621 3611 777 3681 feceritis,
795 3633 829 3675 ac
845 3613 1073 3694 responsionem
1090 3611 1184 3694 ipsius
1202 3610 1290 3673 nohis

94 3723 204 3804 quanto
229 3738 321 3800 ocyus
346 3717 479 3782 fideliter
506 3719 694 3802 rescripturi.
720 3721 828 3782 Datum
850 3721 991 3783 Laterani
1012 3717 1086 3781 Xlll.
1103 3717 1161 3781 kal.
1178 3718 1289 3781 Martii.

96 3832 181 3890 Anno
198 3827 234 3889 X.

662 3994 729 4065 XL.

652 4130 732 4184 1227.

187 4221 324 4285 Andreas
359 4221 417 4284 Dei
440 4223 537 4302 gratia
564 4243 617 4284 rex
641 4223 806 4304 Hungarie.
836 4222 997 4297 Omnibus,
1027 4222 1135 4307 quihus
1163 4241 1291 4304 presens

97 4332 241 4413 scriptum
257 4349 294 4412 pa
305 4374 382 4392 .....
390 4331 424 4403 it,
448 4330 584 4401 salutem,
610 4335 640 4394 et
657 4349 743 4394 omne
763 4330 882 4394 honum.
907 4330 952 4393 Ad
976 4333 1184 4395 universorum
1208 4328 1290 4390 noti-

14 4463 15 4466 *
97 4438 167 4500 tiam
194 4443 253 4501 tam
284 4439 484 4522 presentium,
520 4458 608 4521 quam
635 4440 801 4503 futurorum
829 4441 964 4505 volumus
998 4437 1168 4524 pervenire.
1202 4435 1289 4521 Quod
