3150 5092
631 323 734 393 44

627 501 904 568 montem,
931 495 1150 559 deinde
1187 495 1506 559 descendit
1538 494 1613 558 de
1640 499 1863 566 monte,
1882 502 1944 557 et
1976 492 2239 557 declinat
2271 495 2401 557 fere
2435 513 2651 556 versus
2680 490 3007 561 meridiem,
3058 570 3062 576 Ι

629 616 689 668 et
749 604 829 664 ihi
877 603 1088 666 transit
1119 623 1291 666 unam
1338 621 1613 683 magnam
1646 604 1831 674 viam,
1894 623 2010 687 que
2066 602 2232 665 ducit
2274 601 2347 665 ad
2390 601 2669 687 Szeplak
2716 619 2909 682 usque
2953 600 3009 661 in

633 716 845 796 Ray-mr
877 714 924 796 ¹)
952 712 1090 775 dein
1126 710 1399 774 ascendit
1429 713 1646 772 iterum
1678 712 1737 773 in
1768 708 2175 779 monticulum,
2210 714 2272 771 et
2294 711 2712 772 terminatione
2744 706 3014 788 ejusdem

633 820 937 882 r‘nuntiruli
971 818 1290 882 descendit
1323 839 1531 881 versus
1566 818 1942 882 occidentem
1978 817 2053 880 ad
2086 817 2346 888 fluvium,
2365 819 2466 902 qui
2498 821 2745 882 vocatur
2777 815 3012 898 Lyuch,

629 928 853 988 deinde
911 928 1125 991 transit
1169 927 1405 989 fluvium
1460 924 1624 988 illum
1680 931 1741 988 et
1786 928 2254 989 conterminatur
2320 931 2495 988 terre·
2542 925 2777 989 comitis
2823 925 3011 995 Rani,

629 1044 689 1096 et
725 1036 801 1096 ihi
841 1041 931 1098 cst
963 1040 1118 1097 meta
1152 1035 1211 1097 in
1244 1041 1425 1105 terra,
1454 1033 1675 1096 deinde
1701 1033 1979 1097 ascendit
2002 1034 2060 1094 in
2092 1034 2333 1094 sinistra
2359 1036 2531 1115 parte
2558 1032 2725 1112 juxta
2749 1030 3009 1094 rivulum

633 1144 817 1208 Misus
877 1163 1086 1205 versus
1142 1143 1503 1227 aquilonem,
1561 1148 1624 1204 et
1666 1143 1759 1204 sic
1805 1142 1924 1203 itur
1970 1140 2042 1202 ad
2094 1139 2311 1210 locum,
2370 1140 2470 1202 ubi
2513 1145 2649 1202 sunt
2695 1143 2824 1201 tres
2857 1146 3020 1202 mete

633 1252 775 1312 Rani
829 1251 1060 1313 tramitis
1114 1250 1174 1311 in
1220 1256 1411 1322 terra,
1472 1248 1692 1311 deinde
1730 1248 1895 1330 juxta
1930 1247 2107 1310 alium
2138 1247 2388 1310 rivulum
2426 1248 2700 1332 Osoisyd
2741 1246 3019 1310 ascendit

629 1360 907 1440 superius
940 1355 1270 1420 secundum
1297 1376 1535 1420 cursum
1561 1356 1837 1437 ejusdem
1870 1354 2054 1426 fluvii,
2107 1359 2168 1416 et
2198 1354 2259 1416 in
2292 1356 2491 1438 capite
2534 1354 2808 1435 ejusdem
2854 1354 3016 1417 fluvii

629 1476 765 1528 sunt
825 1464 940 1526 tlue
1003 1469 1159 1527 mete
1231 1464 1500 1528 Joannis
1554 1463 1660 1525 filii
1717 1462 2065 1548 Stephani,
2154 1461 2379 1524 deinde
2436 1461 2599 1525 vadit
2677 1460 2751 1522 ad
2834 1479 3017 1522 cacu-

633 1593 765 1634 men
825 1572 1069 1644 montiS,
1147 1577 1208 1634 et
1269 1573 1330 1633 in
1409 1572 1718 1635 cacumine
1794 1568 2064 1649 ejusdem
2130 1569 2348 1632 montis
2426 1569 2623 1651 posita
2688 1575 2785 1631 est
2860 1574 3016 1631 meta

629 1680 901 1744 *Jafflmir
962 1678 1064 1740 filii
1129 1677 1456 1762 Stephani,
1549 1680 1608 1740 in
1674 1679 1886 1741 eodem
1947 1696 2093 1740 vero
2156 1681 2383 1748 monte,
2481 1676 2581 1738 ubi
2652 1677 3017 1739 terminatur

633 1796 789 1852 terra
829 1787 1104 1856 Juannis,
1164 1792 1301 1849 sunt
1342 1791 1597 1870 quatuor
1640 1792 1831 1862 mete,
1880 1791 1941 1849 et
1982 1786 2064 1848 ibi
2115 1788 2309 1866 tangit
2350 1791 2567 1848 metam
2597 1787 2903 1856 Emerici,
2956 1786 3016 1847 in

633 1899 845 1960 eudem
881 1895 1057 1957 ctiam
1106 1899 1304 1956 monte
1341 1893 1503 1956 vadit
1544 1914 1655 1976 per
1690 1895 1842 1958 viam
1900 1895 1975 1957 ad
2011 1895 2392 1958 monticulum
2425 1914 2624 1965 unum,
2674 1893 2775 1955 ubi
2808 1896 3019 1956 termi-

633 2014 805 2068 natm·
853 2010 1001 2064 meta
1045 2003 1354 2076 Emer-ici,
1418 2002 1622 2085 ibique
1664 2003 1847 2065 intrat
1894 2010 2106 2065 metam
2153 2003 2398 2066 comitis
2445 2003 2777 2087 Coquimw,
2833 2009 2897 2064 et
2927 2001 3018 2063 sie

629 2110 949 2172 descendit
1003 2111 1059 2170 in
1112 2107 1354 2173 vallem.
1415 2128 1529 2191 que
1575 2114 1823 2172 vocatur
1856 2111 2057 2183 Zelcu,
2101 2110 2243 2172 inde
2291 2110 2608 2174 descendit
2641 2111 2715 2172 ad
2749 2111 3014 2180 fluvium,

633 2220 729 2300 qui
769 2223 1008 2280 roratur
1039 2216 1435 2286 Piszteraha,
1471 2216 1645 2279 etsie
1678 2217 2005 2280 secundum
2042 2238 2282 2282 cursum
2328 2217 2598 2298 ejusdem
2634 2218 2800 2282 fluvii
2853 2218 3016 2281 vadit

629 2328 902 2408 superins
928 2344 1143 2388 versus
1177 2323 1509 2406 aquilonem
1533 2323 1608 2387 ad
1639 2324 1835 2387 villam
1860 2327 2083 2392 Nadus
2098 2326 2159 2411 2)
2195 2348 2312 2410 que
2346 2334 2616 2388 remanet
2645 2326 2718 2388 ad
2747 2324 3013 2389 dextram

633 2452 885 2504 manum,
941 2433 1015 2495 ad
1066 2433 1369 2495 sinistram
1425 2452 1567 2496 vero
1622 2438 1853 2517 partem
1896 2437 2015 2498 itur
2047 2435 2346 2517 superius,
2394 2436 2581 2496 etsie
2615 2435 2672 2495 in
2706 2434 3016 2516 superiori

629 2548 801 2624 parte
861 2539 999 2602 rille
1058 2540 1248 2621 posita
1303 2544 1398 2601 est
1436 2543 1611 2611 meta,
1658 2541 1760 2604 ubi
1802 2543 2152 2606 terminatur
2182 2546 2342 2604 terra
2387 2541 2630 2605 comitis
2675 2541 3015 2626 Coquinus,

633 2648 846 2708 deinde
897 2647 1086 2727 tangit
1130 2652 1344 2708 metam
1383 2648 1719 2720 Demetrii,
1766 2655 1827 2712 et
1872 2648 2145 2718 ascendit
2190 2649 2262 2713 ad
2310 2655 2584 2719 montem,
2619 2650 2722 2732 qui
2757 2653 3011 2712 vocatur

633 2756 861 2824 Zizima.
901 2758 959 2817 et
989 2756 1047 2816 in
1083 2755 1296 2817 eodem
1330 2759 1530 2816 monte
1561 2756 1727 2818 vadit
1753 2777 1966 2820 versus
2000 2758 2310 2829 orientem,
2338 2763 2398 2821 et
2430 2761 2527 2820 est
2548 2760 2706 2819 meta
2739 2756 2856 2818 suh
2876 2755 3017 2819 ilice

633 2864 845 2944 posita,
881 2860 1100 2925 deinde
1134 2863 1406 2926 ascendit
1438 2862 1510 2924 ad
1548 2864 1853 2926 sinistram
1884 2872 2115 2948 partem
2147 2867 2300 2927 intra
2330 2866 2477 2928 duas
2511 2866 2694 2935 Bilcu,
2744 2864 2849 2926 ubi
2884 2869 3021 2926 sunt

633 2972 749 3032 [lue
785 2978 936 3032 mete
979 2971 1229 3032 maxime
1284 2971 1341 3032 in
1387 2975 1569 3033 terra.
1631 2971 1694 3032 In
1732 2973 1972 3053 planitie
2021 2972 2241 3034 deinde
2282 2970 2447 3034 vadit
2501 2973 2577 3035 ad
2623 2971 3016 3036 monticulum

637 3100 825 3148 unum.
873 3080 948 3140 de
994 3098 1109 3160 quo
1144 3078 1468 3140 monticulo
1502 3077 1823 3141 descendit
1852 3080 1927 3142 ad
1958 3079 2234 3142 arborem
2280 3081 2578 3151 Tremuli,
2614 3079 2714 3142 ubi
2750 3087 2912 3142 meta
2937 3081 3006 3142 -in

633 3196 793 3248 terra
833 3186 1024 3268 posita
1059 3191 1174 3259 est,
1221 3191 1282 3246 et
1313 3185 1427 3248 alia
1471 3190 1564 3247 est
1607 3188 1666 3246 in
1714 3185 1929 3250 arbore
1962 3187 2035 3249 ad
2071 3187 2304 3251 modum
2341 3188 2539 3250 crucis
2576 3188 2757 3256 facta,
2795 3185 3014 3249 deinde

637 3292 953 3356 descendit
978 3292 1144 3373 juxta
1177 3293 1452 3367 rivulum,
1488 3298 1550 3356 et
1583 3293 1668 3357 ibi
1689 3295 1867 3356 intrat
1892 3295 2117 3375 sylvam
2143 3295 2289 3374 fagi,
2317 3313 2434 3377 que
2467 3299 2713 3356 vocatur
2736 3294 3021 3358 Madad-

633 3400 793 3468 frisii,
837 3407 897 3460 et
943 3419 1052 3481 per
1099 3400 1354 3463 eundem
1400 3401 1650 3464 rivulum
1699 3403 2048 3464 terminatur
2092 3402 2152 3462 in
2204 3402 2418 3465 littore
2448 3400 2683 3484 Soyon,
2734 3402 2840 3463 ubi
2877 3406 3013 3464 sunt

633 3508 749 3572 due
809 3512 965 3570 mete
1020 3508 1082 3568 in
1134 3512 1296 3571 terra
1344 3508 1456 3571 sub
1491 3510 1741 3571 maxima
1783 3509 2018 3581 arbore,
2075 3509 2292 3571 deinde
2341 3509 2524 3570 intrat
2566 3497 2624 3570 in
2672 3508 2913 3592 Soyon,
2959 3514 3020 3570 et

637 3616 907 3676 aseendit
952 3635 1138 3697 usque
1173 3621 1353 3698 caput
1396 3616 1627 3696 Soyon,
1655 3616 1730 3678 de
1766 3617 1966 3700 capite
1998 3636 2144 3679 vero
2182 3615 2570 3699 progreditur
2604 3616 2678 3678 ad
2735 3623 3021 3688 montem,

633 3724 733 3804 qui
765 3722 1176 3807 Gsuzbereffl)
1210 3724 1271 3785 in
1304 3723 1514 3785 eodem
1548 3744 1694 3785 vero
1730 3727 1929 3787 monte
1955 3724 2118 3786 vadit
2150 3743 2340 3806 usque
2374 3725 3023 3809 caputBodayd,pro-

633 3832 910 3908 graditur
944 3830 1161 3892 deinde
1195 3829 1265 3892 ad
1305 3829 1472 3912 alpes
1509 3831 1861 3906 Clementis,
1908 3837 1969 3894 et
2000 3832 2141 3894 inde
2174 3830 2248 3893 ad
2280 3831 2599 3895 Rusciam.
2638 3830 3014 3893 contulimus

637 3940 813 4000 etiam
857 3938 1201 4020 supradicto
1248 3939 1557 4022 Dyonisio
1603 3939 1907 4024 mayistro
1958 3939 2246 4022 quandam
2292 3937 2491 4001 villam
2534 3938 2813 4003 Simonis
2868 3939 3016 4001 Bani

637 4068 841 4128 parum
881 4050 1164 4108 remotam
1197 4047 1431 4108 nomine
1468 4048 1783 4131 Gyekuss),
1818 4047 1988 4128 cujus
2021 4049 2216 4128 prima
2247 4051 2405 4108 meta
2438 4047 2630 4127 tangit
2667 4047 3018 4134 Coquinum

705 4248 749 4308 1]
777 4252 865 4292 Das
889 4248 1079 4306 heutige
1100 4249 1242 4295 Reen.

701 4328 749 4388 Ε]
789 4324 901 4372 {Hah
922 4323 1096 4385 Nidus,
1120 4330 1179 4377 im
1201 4331 1443 4376 Thordaer
1467 4330 1667 4377 Comitat
1690 4332 1781 4391 (ζ’).

701 4408 749 4468 ³]
785 4412 873 4468 [1111
905 4413 1101 4458 vocatur
1134 4411 1398 4458 Ccuzherez
1432 4411 1528 4468 Fej.
1563 4413 1639 4458 ΙΙΙ.
1673 4415 1718 4458 2.
1754 4413 1860 4458 132.

705 4488 753 4548 *j
793 4496 948 4548 Gfako
982 4492 1046 4536 im
1067 4492 1318 4538 Dohokaer
1341 4493 1555 4538 Comitat.
