3150 5092
649 380 689 444 :a

649 549 943 613 hominum
990 550 1274 615 memorie
1315 548 1609 615 labilitate
1651 556 1922 635 pensata,
1970 550 2277 631 sagaciter
2309 549 2634 622 adinvenit,
2680 554 2744 613 ut
2788 569 2871 613 ea
2920 567 3049 632 que

645 661 900 736 aguntur
931 658 991 720 in
1022 663 1313 741 tempore,
1348 678 1423 720 ne
1455 657 1631 721 simul
1664 655 2005 722 dilabantur
2037 677 2169 722 cum
2202 658 2438 729 eodem,
2474 658 2780 723 literarum
2820 663 3044 742 patro·

641 766 795 830 einio
829 764 1179 830 solidentur.
1228 766 1484 830 Proinde
1518 765 1592 828 ad
1628 767 2039 831 universorum
2075 766 2374 838 noticiam,
2419 767 2626 829 harum
2660 766 2826 828 serie
2862 764 3045 829 volu-

649 895 773 937 mus
817 874 1177 959 pervenire,
1235 874 1395 959 quod
1446 895 1577 937 cum
1637 893 1745 936 nos
1798 873 2058 947 bonore,
2107 895 2223 959 quo
2269 874 2472 938 decuit
2516 874 2779 958 receptis
2829 872 3040 937 literis
3133 928 3134 931 ,

649 981 949 1063 magnifici
983 982 1207 1045 domini
1239 982 1501 1047 Nicolai
1531 981 1823 1064 woyuode
1857 981 2232 1047 Transilvan.
2269 982 2743 1063 adjudicatoriis,
2786 979 3042 1043 modum
3133 985 3134 1043 ἶ

641 1096 701 1152 ut
731 1090 979 1154 formam
1035 1111 1146 1154 sue
1192 1090 1524 1171 judiciarie
1568 1088 2031 1154 deliberationis
2067 1091 2124 1153 in
2174 1110 2243 1154 se
2277 1091 2765 1173 exprimentibus,
2816 1089 3040 1152 nobis-

645 1217 763 1280 que
826 1196 1221 1261 amicabiliter
1266 1196 1686 1282 loquentibus,
1753 1203 1813 1261 et
1857 1197 2142 1270 directis,
2173 1218 2286 1280 pro
2320 1203 2495 1282 parte
2526 1195 3039 1261 reambulacionis

645 1310 930 1368 metarum
988 1305 1432 1369 territoriorum
1494 1305 1896 1389 possessionis
1952 1308 2113 1370 Zent
2164 1305 2411 1391 Myklos
2459 1306 2758 1387 magnifici
2800 1304 3038 1368 domini

649 1412 968 1500 Stephani
995 1413 1236 1477 Mikwd
1265 1411 1399 1475 bani
1432 1433 1500 1476 ac
1535 1413 1939 1495 possessionis
1954 1414 2418 1501 Eyylzazfalwa
2450 1412 2817 1478 honorabilis
2860 1412 3038 1496 capi-

653 1522 752 1584 tuli
785 1519 1161 1592 Orodiensis,
1195 1525 1257 1584 et
1288 1521 1462 1584 etiam
1502 1522 1782 1598 Thorda,
1809 1524 2080 1608 Koppan
2105 1523 2309 1607 Zynd,
2338 1524 2499 1587 Zent
2514 1521 2939 1605 Mihelf'alwa,
2973 1524 3039 1583 et
3133 1587 3134 1593 ἵ

649 1632 974 1702 ffcreztes,
1030 1634 1279 1713 propter
1329 1629 1635 1692 literarum
1693 1631 2200 1694 contestacionem
2251 1630 2471 1694 factam
2527 1632 2685 1693 inter
2741 1635 3035 1714 utrasque

649 1741 844 1816 'mrtes
890 1757 958 1799 se
1001 1735 1230 1800 haben:
1281 1742 1608 1810 emanataS,
1659 1740 1825 1819 juxta
1872 1738 2196 1802 earundem
2241 1738 2677 1810 continenciaS,
2721 1757 2839 1799 una
2894 1756 3031 1799 cum

641 1846 923 1926 magistro
971 1844 1152 1908 Paulo
1200 1844 1277 1908 de
1333 1845 1547 1929 Gywla
1592 1846 2047 1928 prothonotario
2092 1846 2398 1927 magnifici
2445 1845 2669 1908 domini
2731 1842 3035 1928 wayuode
3133 1867 3134 1919 g

641 1952 713 2012 ad
744 1953 805 2016 id
841 1953 1181 2036 peripsum
1236 1954 1535 2017 dominum
1592 1955 1940 2037 wayuodam
1995 1954 2346 2038 specialiter
2379 1953 2767 2024 transmisso,
2832 1952 3030 2015 hono·
3131 1925 3134 2047 1

641 2060 886 2124 rabilem
920 2061 1111 2124 virum
1159 2061 1503 2126 Ladislaum
1535 2061 1937 2147 presbiterum
1985 2061 2360 2147 capellanum
2400 2060 2764 2127 venerabilis
2805 2060 3032 2122 domini
3132 2054 3134 2064 ⁴

641 2167 805 2233 Pauli
849 2169 1258 2233 archidiaconi
1290 2169 1570 2233 Albe-usis
1615 2171 2067 2234 Transsiluanie
2113 2170 2187 2233 ad
2231 2170 2680 2253 infrascriptam
2735 2169 3025 2232 reambu-

641 2276 919 2340 lationem
946 2278 1280 2341 faciendam
1299 2285 1507 2342 nostro
1542 2297 1652 2360 pro
1678 2279 2018 2342 testimonio
2045 2278 2592 2341 transmisissemus
2620 2277 2740 2339 fide
2758 2276 3024 2358 dignum.

641 2384 799 2445 idem
850 2383 1067 2447 exinde
1112 2385 1186 2448 ad
1237 2405 1345 2448 nos
1389 2387 1623 2448 reversi
1669 2385 1842 2449 nobis
1874 2386 2252 2450 uniformiter
2296 2386 2648 2456 retulerunt,
2698 2384 2856 2467 quod
2904 2385 3020 2468 ipsi

637 2492 784 2554 scria
829 2492 1096 2555 secunda
1136 2493 1300 2556 inter
1347 2496 1589 2557 octavas
1634 2493 1959 2557 nativitatis
2023 2493 2213 2556 Marie
2266 2493 2340 2556 ad
2395 2493 2586 2556 facies
2642 2499 2811 2554 terre
2873 2512 3020 2576 pre-

641 2599 1068 2663 nominatarum
1109 2600 1586 2683 possessionum,
1649 2601 1862 2666 vicinis
1912 2604 1972 2663 et
2035 2602 2462 2663 commetaneis
2506 2598 2833 2662 earundem
2883 2596 3027 2661 illuc

641 2707 908 2788 legitime
943 2708 1312 2780 convocatis,
1347 2706 1734 2791 presentibus
1767 2708 1946 2770 Petro
1975 2707 2205 2770 Tathar
2239 2707 2314 2771 de
2349 2707 2678 2779 Senfalwa,
2719 2706 3028 2790 Stephano
3130 2735 3132 2784 4

645 2816 717 2876 ale
751 2813 1015 2887 Gerend,
1048 2815 1330 2880 Ladislao
1366 2817 1441 2880 de
1473 2817 1619 2881 Jara
1654 2817 2082 2879 commetaneis
2110 2814 2384 2898 partibus
2417 2815 2819 2898 personaliter
2844 2813 3029 2876 adhe·
3130 2805 3132 2890 l

645 2922 930 2995 rentibuS,
981 2944 1052 2986 ac
1091 2924 1194 3005 jus
1243 2929 1597 3007 patronatus
1654 2924 1922 2987 ecclesie
1968 2926 2058 2987 sic
2115 2924 2457 3007 procedent
2505 2925 2654 2987 Item
2688 2929 2849 2987 meta
2880 2943 3023 3005 pre·
3129 2903 3132 2994 l

653 3032 941 3096 dictarum
988 3032 1441 3113 possessionum
1487 3032 1972 3118 Eyyhazf'alwa,
2021 3037 2081 3095 et
2113 3034 2275 3097 Zent
2304 3032 2534 3097 Miletos
2565 3034 2807 3114 incepta
2842 3036 2938 3095 est
2970 3031 3025 3092 in

645 3139 897 3220 quodam
954 3139 1149 3202 rivulo
1182 3141 1460 3204 Preselw
1497 3140 1750 3226 pathah
1791 3145 2037 3214 vocato,
2093 3161 2283 3224 prope
2332 3141 2647 3223 capellam,
2699 3146 2761 3204 et
2807 3141 2881 3205 ab
2927 3137 3023 3202 illo

641 3247 831 3310 rivulo
879 3266 1117 3309 sursum
1160 3246 1583 3319 ascendendo,
1630 3248 1906 3330 superius
1950 3249 2007 3310 in
2044 3248 2306 3331 planicie
2340 3253 2505 3311 terre
2537 3269 2751 3312 versus
2786 3249 3021 3332 plagam

641 3354 1075 3419 occidentalem
1122 3354 1382 3417 tenendo
1430 3359 1639 3419 erecte
1683 3360 1823 3419 sunt
1868 3357 1984 3420 due
2038 3361 2197 3420 mete
2243 3355 2317 3419 ab
2363 3357 2641 3440 antiquiS,
2697 3357 3019 3420 secundum

645 3464 1019 3525 donationem
1074 3461 1271 3526 felicis
1331 3463 1769 3526 recordationis
1823 3462 1967 3527 Bele
2016 3465 2180 3546 regis
2249 3469 2311 3528 et
2364 3465 2439 3527 ab
2492 3464 2609 3528 illis
2686 3466 2864 3529 metis
2920 3485 3022 3547 per

645 3591 812 3633 unam
853 3570 1060 3633 vallem
1093 3571 1244 3633 latus
1265 3571 1857 3636 montisSioeadonie
1882 3570 2113 3635 directe
2148 3591 2381 3635 sursum
2416 3573 2823 3645 ascendendo,
2841 3593 3017 3656 supe-

645 3680 767 3740 rius
800 3677 860 3739 in
895 3677 1015 3740 fine
1063 3676 1238 3742 vallis
1285 3682 1488 3741 erecta
1523 3683 1619 3742 est
1650 3699 1767 3742 una
1800 3684 1958 3742 meta
1993 3686 2217 3754 terrea,
2268 3683 2330 3742 et
2362 3679 2434 3742 ab
2469 3679 2567 3742 illa
2606 3683 2765 3742 meta
2811 3700 3020 3763 proce-

641 3786 833 3849 dendo
867 3785 936 3849 ad
974 3784 1484 3869 quadrangulares
1508 3786 1692 3849 castri
1720 3786 2156 3872 Sia-adonim)
2185 3809 2216 3851 a
2251 3792 2424 3870 parte
2456 3789 2752 3860 orientali,
2786 3810 2820 3852 a
2858 3793 3019 3873 parte

669 3988 713 4044 1}
750 3988 866 4034 Eine
900 3989 1134 4035 romische
1167 3989 1341 4050 Anlage
1377 3990 1425 4034 in
1459 3989 1547 4036 der
1577 3991 1706 4037 Nfihe
1738 4003 1831 4036 von
1865 3992 2209 4053 Thorenburg:
2246 3994 2329 4038 Gr.
2362 3996 2404 4039 J.
2439 3989 2662 4051 Kemdny.
2698 3995 2760 4038 lm
2794 3995 3021 4041 Koloscb·

763 4071 1063 4116 Monostorer
1095 4070 1266 4115 Archiv
1300 4070 1418 4128 liegt
1450 4072 1592 4116 anter
1625 4074 1710 4117 der
1742 4072 2071 4133 Bezeichnung·
2093 4074 2362 4131 Aranyosch
2388 4075 2470 4120 Nr.
2496 4074 2556 4119 35
2575 4075 2651 4119 ein
2680 4075 2862 4121 kleines
2885 4076 3017 4122 Stiick

767 4151 1064 4196 zerrissenen
1109 4153 1472 4209 Pergamenum,
1521 4152 1602 4198 das
1647 4154 1823 4198 Stellen
1871 4152 2003 4198 einer
2054 4154 2523 4213 Grenzbestimmung
2568 4155 2777 4210 enthiilt,
2820 4158 2952 4202 nicht
2978 4156 3017 4201 in

761 4231 1141 4278 Urkundenform
1177 4233 1267 4278 und
1301 4233 1422 4278 ohne
1455 4234 1596 4286 Jahn
1654 4234 1772 4279 doch
1807 4235 1898 4279 den
1942 4235 2272 4293 Schriftziigen
2306 4236 2426 4281 noch
2458 4237 2560 4280 dem
2598 4237 2674 4281 13.
2710 4237 3017 4282 Jahrhundert

763 4313 1054 4370 angehori33
1087 4313 1246 4358 dorin:
1280 4313 1411 4358 terra
1445 4314 1590 4359 castri
1619 4314 1677 4358 de
1709 4314 1898 4360 Thorda
1930 4316 1979 4358 et
2014 4328 2102 4372 per
2144 4316 2342 4360 medium
2376 4317 2689 4374 hwgyopntak
2725 4318 2941 4363 ascendit
2968 4318 3017 4362 nd

764 4395 968 4438 montem
1016 4393 1065 4438 in
1107 4395 1257 4439 latere
1307 4395 1630 4450 Saxonyavara
1675 4419 1737 4428 —
1770 4419 1831 4428 —
1875 4397 2115 4442 descendit
2159 4397 2216 4441 ad
2270 4398 2449 4455 partem
2502 4398 2938 4455 septemtrionalem
2979 4401 3018 4443 et

761 4474 888 4520 vadit
922 4488 1065 4532 super
1087 4499 1147 4509 —
1170 4499 1232 4508 —
1255 4475 1599 4532 hwgyiipataka
1632 4477 1918 4522 transeundo
1953 4480 2003 4523 ot
2034 4477 2331 4524 ascendendo
2365 4478 2411 4523 in
2444 4478 2590 4524 latero
2613 4479 3015 4534 Saxonyawnra—

761 4555 889 4600 iuxta
923 4557 1110 4601 eandem
1146 4558 1485 4612 Saxonyawara
1520 4557 1634 4600 duas
1666 4557 1824 4600 metas.
