3150 5092
295 384 345 454 20

293 556 581 638 Hierosolymitouc
593 556 719 621 salutem
732 561 763 620 et
775 558 971 640 apostolicam
983 558 1238 626 benedictionem.
1257 561 1356 644 Quum
1376 584 1394 626 a
1413 561 1506 627 nobis

293 667 420 749 petitur,
443 664 522 749 quod
541 664 655 745 justum
682 670 730 729 est
746 669 778 728 et
793 664 969 737 honestum,
992 672 1052 731 tam
1075 669 1161 750 rigor
1183 671 1359 753 equalitatis
1384 669 1497 755 (equi-

292 771 382 858 tatis)
401 793 487 856 quam
504 771 579 836 ordo
597 773 689 854 exigit
704 774 842 846 rationis,
860 779 892 836 rt
914 773 945 837 id
962 794 1018 856 per
1034 775 1257 839 solicitudinem
1281 777 1377 841 officii
1395 778 1501 841 nostri

296 882 334 945 ad
367 882 499 946 debitum
531 883 715 965 perducatur
747 884 897 947 ellectum.
928 883 1010 946 Sanc
1042 886 1072 946 in
1095 885 1266 968 priuilegiis
1295 887 1455 950 carissimi
1473 887 1504 947 in

293 988 414 1053 Christo
443 990 497 1054 filii
525 991 631 1059 nostri,
658 992 742 1074 regis
772 991 979 1073 Huugarorum
1003 992 1148 1065 illustris,
1175 996 1386 1078 perspeximus
1413 996 1499 1057 inter

293 1105 397 1164 cetera
415 1098 575 1168 contineri,
592 1098 671 1181 quod
688 1099 756 1181 ipse
773 1099 921 1182 quandam
940 1104 1063 1172 terram,
1089 1101 1208 1164 nomine
1224 1105 1391 1174 Baracum,
1417 1108 1495 1165 tunc

296 1208 459 1278 desertam,
493 1211 524 1268 et
555 1205 768 1278 inhabitatam,
803 1206 889 1270 vobis
921 1205 1044 1270 donauit
1064 1208 1171 1271 iutuitu
1197 1211 1321 1292 pietatis
1342 1214 1499 1294 perpetuo

295 1315 392 1378 libere
406 1313 620 1398 possidendam
628 1336 638 1387 ;
663 1314 860 1378 concedendo
884 1313 1077 1377 nibilominus
1102 1316 1199 1389 robis,
1223 1322 1257 1380 ut
1281 1319 1308 1380 si
1324 1298 1433 1380 aurum
1449 1315 1502 1380 vel

293 1429 450 1504 argentum
473 1428 556 1486 terre
582 1425 774 1504 contingeret
794 1424 934 1506 reperiri,
963 1442 1020 1486 una
1042 1444 1113 1506 pars
1131 1423 1168 1487 ad
1186 1424 1273 1506 regni
1301 1424 1409 1489 fiscum
1427 1445 1504 1507 per·

292 1534 395 1602 tineat,
412 1531 528 1615 reliqua
545 1550 617 1593 reru
634 1551 706 1614 pars
723 1530 833 1594 vestris
850 1530 953 1594 usibus
970 1532 1151 1615 deputetur;
1167 1533 1264 1597 libera
1287 1555 1409 1619 quoque
1434 1535 1502 1596 fura

293 1643 325 1703 et
354 1640 465 1703 tributa
494 1640 627 1702 sororum
656 1639 792 1720 ejusdem
824 1643 908 1702 terre
932 1640 1065 1704 totaliter
1086 1640 1174 1705 vobis
1205 1641 1343 1712 indulsit;
1376 1642 1498 1706 liberos

294 1750 433 1813 denarios
457 1751 488 1810 et
515 1746 651 1829 pondera
686 1746 878 1810 nibilominus
905 1748 1087 1812 remittendo
1115 1753 1147 1811 et
1174 1749 1332 1814 reddendo
1370 1772 1427 1814 ros
1460 1748 1501 1812 ab

294 1857 373 1921 omni
396 1856 552 1919 exactione
574 1854 687 1917 liberos
716 1860 747 1917 et
777 1855 940 1928 immunes;
966 1875 1002 1918 ac
1019 1856 1188 1930 statuendo,
1213 1859 1294 1940 quod
1312 1858 1387 1921 nulli
1412 1877 1501 1940 way·

294 1965 371 2030 rode
384 1983 476 2047 super
491 1982 545 2025 vos
568 1961 660 2024 liceat
683 1961 796 2025 babere
813 1962 1005 2034 descensum,
1018 1965 1114 2046 ipsam
1131 1984 1251 2049 quoque
1268 1969 1383 2028 terram
1401 1965 1502 2028 certis

294 2070 431 2134 distinxit
454 2068 611 2144 limitibus,
641 2069 706 2132 sive
733 2070 821 2132 metis
850 2089 975 2151 quarum
1001 2071 1098 2153 prima
1120 2072 1226 2154 incipit
1243 2071 1280 2135 ab
1297 2071 1499 2152 indaginibus

293 2179 385 2247 castri
409 2177 572 2259 Voilgard,
590 2182 621 2241 et
637 2177 707 2240 inde
724 2178 918 2260 progreditur
934 2199 1030 2262 usque
1046 2179 1084 2241 ad
1100 2179 1261 2261 indagines
1278 2178 1408 2252 Nicolii,
1444 2178 1498 2242 ubi

294 2307 369 2372 aqua
402 2286 524 2359 defluit,
548 2306 623 2370 quae
647 2292 771 2348 vocatur
799 2285 854 2349 Ald
878 2288 909 2348 et
932 2289 978 2350 sic
1004 2286 1197 2351 ascendendo
1225 2266 1282 2368 per
1306 2287 1364 2349 Ald
1395 2306 1499 2370 rsque

296 2393 464 2476 Szerzylon
492 2393 574 2456 uadit
600 2392 632 2454 in
653 2391 724 2462 Ald,
756 2398 787 2455 et
816 2393 924 2455 iterum
951 2392 1150 2477 reditusque
1178 2394 1334 2458 adortum
1357 2393 1501 2474 ejusdem

292 2501 470 2584 Zcrcyllon,
499 2505 530 2563 et
546 2500 583 2564 ab
602 2503 668 2563 ortu
686 2520 777 2584 aque,
796 2520 872 2582 quae
890 2500 991 2581 Zymis
1013 2504 1153 2572 vocatur,
1183 2500 1380 2582 progreditur
1398 2521 1501 2584 nsque

294 2610 332 2674 ad
349 2609 488 2672 effluxum
501 2628 587 2692 aque,
596 2629 655 2693 quc
673 2608 782 2671 dicitur
799 2610 936 2680 Borszo,
961 2613 992 2670 et
1012 2607 1132 2680 deinde,
1152 2609 1229 2670 sicut
1246 2613 1364 2671 montes
1381 2609 1499 2672 niuium

294 2722 406 2781 terram
423 2714 664 2799 complectuntur
680 2715 818 2787 eandam,
841 2735 936 2798 usque
960 2715 998 2778 ad
1016 2716 1180 2798 Almagiam
1204 2736 1239 2778 se
1259 2715 1404 2779 extendit.
1431 2715 1498 2778 nd-

294 2825 370 2889 didit
386 2825 476 2888 etiam
493 2824 682 2907 postmodum
702 2823 780 2886 idem
809 2843 863 2886 nex
885 2824 1039 2887 donationi
1066 2825 1206 2906 predicte
1234 2827 1383 2896 castrum,
1413 2824 1499 2908 quod

295 2930 448 2996 Cuteburc
471 2933 637 2995 nominatur
665 2932 704 2994 de
728 2952 806 2996 nouo
831 2936 1037 2995 consonatum
1060 2929 1179 2995 arabis
1204 2951 1271 2995 cum
1288 2934 1384 3014 pratis
1408 2933 1499 3015 adja-

295 3039 432 3104 centibus
458 3040 538 3102 circa
563 3038 653 3109 illud;
679 3060 736 3102 nec
759 3059 817 3101 non
841 3061 858 3102 a
879 3039 1009 3101 termino
1034 3040 1130 3121 ipsius
1148 3038 1242 3101 casiri
1257 3044 1369 3101 terram
1388 3059 1497 3122 quam-

294 3146 372 3219 dam,
401 3167 459 3231 que
487 3146 627 3229 procedit
642 3166 736 3229 usque
755 3146 793 3209 ad
809 3147 954 3208 terminos
987 3145 1162 3220 blacorum,
1191 3151 1222 3207 ct
1238 3145 1275 3207 ab
1297 3146 1498 3228 indaginibus

294 3255 430 3337 Almagie
454 3256 485 3317 in
512 3260 599 3338 parte
627 3256 722 3319 altera
749 3254 941 3337 protenditur
968 3274 1062 3338 usque
1108 3254 1146 3316 ad
1184 3274 1261 3338 aque
1289 3259 1404 3329 ortum,
1435 3275 1496 3339 quc

293 3365 389 3426 Bursa
419 3366 559 3434 uocatur,
592 3369 622 3426 et
651 3364 721 3426 inde
750 3363 787 3425 ad
820 3361 986 3425 Danubium
1020 3382 1116 3447 usque
1149 3361 1300 3444 procedit.
1333 3359 1498 3427 concessit

292 3474 382 3536 etiam
398 3471 496 3544 vobis,
513 3475 543 3534 vt
559 3491 652 3554 super
669 3472 789 3534 tluuium
804 3471 923 3534 nomine
940 3470 994 3533 Ald
1016 3490 1068 3532 sex
1083 3490 1188 3541 naues,
1209 3473 1239 3533 et
1255 3468 1383 3534 totidem
1396 3492 1495 3554 super

293 3581 416 3644 fluuium
432 3581 552 3642 nomine
573 3580 655 3644 Mors
670 3574 781 3643 liberas
803 3578 951 3650 babeatis,
977 3599 1034 3661 per
1056 3583 1150 3642 totum
1166 3597 1294 3660 regnum
1312 3579 1379 3659 ejus
1401 3580 1497 3642 salem

293 3688 505 3756 descendendo
518 3689 661 3759 ferentes,
672 3694 702 3750 et
715 3689 886 3750 referentes
900 3707 952 3751 rea
968 3683 1042 3749 alias
1055 3685 1268 3759 ascendendo;
1285 3687 1359 3750 salis
1372 3687 1496 3752 fodinas

292 3802 391 3873 etiam,
410 3820 466 3884 que
479 3798 591 3863 Acuca
607 3801 761 3868 vocantur,
776 3795 964 3860 subicientes
981 3795 1018 3857 ad
1038 3794 1193 3877 predictas
1205 3794 1365 3859 duodecim
1383 3817 1491 3869 naues,

291 3908 388 3973 libere
412 3906 584 3990 rbicunque
604 3903 769 3976 volueritis,
795 3901 879 3967 vobis
907 3903 993 3984 regia
1017 3902 1198 3966 liberalitate
1221 3903 1395 3976 concessit;
1419 3925 1494 3968 con·

294 4017 443 4092 cedendo,
466 4021 498 4079 vt
523 4015 634 4078 nullum
650 4012 814 4077 teneamini
837 4015 976 4095 prestare
991 4012 1147 4084 tributum,
1166 4031 1223 4074 neo
1245 4011 1334 4074 etiam
1347 4012 1490 4076 homines

292 4127 397 4200 vestri,
416 4144 484 4188 cum
505 4144 561 4208 per
589 4121 759 4186 Siculorum
789 4124 902 4183 terram
923 4119 1108 4189 transierint,
1133 4122 1184 4180 aut
1207 4116 1421 4182 Valacborum.
1446 4119 1493 4182 Ad

292 4240 350 4302 bec
381 4235 531 4304 homines,
565 4233 616 4317 qui
646 4235 758 4293 terram
789 4229 886 4310 ipsam
907 4227 1084 4299 inhabitant,
1113 4227 1231 4310 quando
1259 4225 1341 4289 dicta
1370 4227 1493 4291 donatio

291 4349 372 4412 facta
398 4343 456 4409 fuit
483 4341 568 4407 vobis
600 4344 632 4402 ei
663 4339 764 4402 domui
787 4341 903 4412 vestre,
926 4334 1040 4398 liberos
1063 4335 1129 4397 sine
1152 4333 1353 4417 requisitione
1377 4335 1493 4398 dimisit

291 4475 453 4540 expresse,
485 4455 518 4514 vt
534 4450 561 4512 si
577 4449 643 4534 quis
660 4447 698 4510 de
715 4444 886 4509 bominibus
904 4443 987 4525 ejus,
1016 4447 1066 4506 aut
1082 4440 1254 4525 hospitibus
1274 4445 1360 4504 terre
1376 4462 1432 4505 suc
1455 4443 1494 4506 ad

291 4587 345 4631 vos
369 4565 408 4628 de
431 4567 534 4628 cetero
557 4556 852 4640 transmigrauerint,
881 4573 935 4616 eos
960 4552 1079 4625 exinde,
1102 4549 1269 4635 quamcito
1296 4551 1334 4614 ad
1357 4551 1494 4615 notitiam
