3150 5092
808 533 998 606 ccxxxiv.

782 671 866 734 rasa,
883 673 927 726 aa.
946 671 1015 726 runs.

406 777 540 842 Andreas
555 776 612 842 Dei
628 781 723 862 gratia
739 779 902 866 llungarie,
930 781 1087 853 Dalmatio,
1105 779 1235 854 croatie,
1251 783 1354 859 Rama,
1376 783 1500 853 Ser-rie,

318 883 454 959 Gallicis,
470 887 659 964 hodomerie,
678 887 829 962 Cumanis,
843 891 1043 976 Bulgsrieque
1058 912 1119 954 rex.
1137 890 1279 954 Omnibus
1288 889 1401 954 Christi
1417 890 1501 953 tide·

315 994 396 1061 libus
422 1003 580 1080 presentes
608 996 712 1064 literas
740 1001 921 1085 inspecturis
945 1003 1070 1066 salutern
1086 1004 1117 1065 in
1133 1001 1250 1066 domino
1268 1001 1499 1084 sempiternam.

315 1103 360 1168 Ad
376 1106 580 1170 universorum
600 1107 740 1173 noticiam
754 1115 860 1174 tenore
875 1111 1065 1193 presencium
1076 1109 1209 1174 volumus
1225 1111 1397 1193 pervenire,
1413 1107 1500 1193 quod

315 1215 445 1280 universi
460 1214 606 1283 Saxones
621 1217 659 1281 de
671 1215 784 1283 Cihinio
800 1217 838 1282 ad
854 1223 985 1282 nostram
1001 1220 1181 1284 accedentes
1197 1217 1391 1302 presentiam,
1407 1217 1501 1282 nobis

314 1323 486 1406 significare
497 1330 684 1399 curaverunt,
694 1327 773 1410 qnod
784 1327 903 1391 domina
913 1327 1019 1392 relicta
1030 1327 1146 1392 comitis
1158 1327 1293 1392 Arnohli
1303 1327 1369 1389 sine
1380 1326 1499 1390 herede

315 1433 501 1507 decedentis,
524 1433 563 1498 de
586 1435 654 1500 villa
670 1436 774 1520 Apold,
796 1439 941 1521 quandam
957 1442 1067 1502 terram
1089 1440 1153 1502 sire
1169 1437 1394 1522 possessionem
1410 1456 1497 1500 suam

314 1543 428 1628 ancd
441 1549 586 1616 vocatam,
602 1565 688 1630 quam
704 1566 739 1609 ex
755 1544 914 1610 collatione
931 1547 1013 1627 regis
1035 1545 1181 1629 Stephani
1195 1547 1331 1630 prelatus
1346 1545 1498 1608 Arnoldns

313 1653 436 1716 maritus
453 1652 587 1734 ejusdem
600 1652 765 1720 dinoscitur
780 1652 966 1738 possedisse,
981 1656 1143 1719 secundum
1159 1653 1326 1719 libertatem
1343 1655 1497 1718 Saxonum

313 1779 397 1825 more
414 1760 516 1826 debito
541 1767 572 1826 et
593 1768 737 1826 consueto
759 1760 929 1826 Christiano
951 1762 1010 1827 filio
1034 1762 1160 1844 Lndveg
1181 1783 1293 1846 genero
1310 1783 1366 1825 suo
1383 1770 1414 1826 et
1429 1763 1495 1826 filie

314 1889 385 1942 sue,
411 1869 554 1935 videficet
581 1873 714 1936 consorti
745 1871 880 1935 eiusdem
906 1869 1067 1935 Christiani
1092 1871 1266 1956 reliquisset
1294 1870 1438 1934 donasset
1463 1877 1495 1934 et

314 1976 448 2061 legasset
469 1979 535 2043 iure
557 1985 703 2064 perpetuo
725 1985 756 2043 et
778 1978 1015 2043 irrevocabiliter
1035 1980 1246 2064 possidendam
1267 2000 1303 2042 eo
1326 1983 1393 2042 inre
1409 1985 1441 2043 et
1457 2001 1494 2043 ea

312 2087 507 2171 plenitudine,
523 2086 765 2172 quemadmodum
781 2089 915 2172 prefatus
932 2109 1032 2152 comes
1048 2088 1194 2153 Arnoldus
1210 2089 1303 2172 ipsam
1319 2089 1494 2171 possessio-

312 2215 380 2259 nem
397 2199 491 2261 tenuit
511 2204 542 2260 et
564 2195 711 2279 possedit,
729 2201 868 2280 petentes
886 2216 902 2259 a
921 2196 1007 2262 nobis
1024 2218 1090 2261 cum
1106 2198 1262 2274 instancia,
1278 2203 1311 2260 ut
1326 2217 1381 2260 nos
1399 2196 1492 2262 colla·

311 2305 422 2367 tionem
435 2304 515 2369 dicte
531 2303 637 2370 relicte
653 2306 769 2369 comitis
781 2305 904 2370 Arnoldi
919 2306 997 2370 iuxta
1014 2307 1175 2372 eorundem
1190 2307 1360 2370 libertatem
1381 2307 1491 2370 factam

312 2411 463 2478 ratificare
486 2420 519 2478 ct
541 2414 708 2500 approbare
736 2415 927 2496 dignaremur
951 2436 987 2479 ac
1008 2421 1108 2480 nostro
1126 2415 1282 2500 priuilegio
1299 2414 1489 2479 confirmare.

313 2520 443 2604 Quorum
466 2544 520 2587 nos
540 2524 625 2588 iustis
649 2524 849 2610 peticionibus
875 2524 1020 2596 inclinati,
1048 2525 1141 2608 ipsam
1165 2523 1359 2588 collusionem
1383 2523 1490 2588 relicte

313 2631 428 2696 comitis
445 2632 567 2697 Arnoldi
579 2633 712 2698 -diote
727 2634 929 2714 possessionis
946 2632 1015 2699 villa
1026 2633 1131 2716 Enyed
1142 2638 1245 2698 vocate
1261 2632 1370 2696 iactam
1382 2651 1493 2717 appro-

313 2739 418 2806 bantes
433 2741 612 2806 ratificamus
634 2752 665 2806 et
685 2748 788 2806 nostro
807 2743 943 2826 presenti
964 2742 1120 2827 privilegio
1142 2740 1347 2807 confirmamus
1364 2744 1494 2829 duplicis

312 2848 405 2933 sigilli
424 2851 520 2914 nostri
546 2851 704 2916 munimine
732 2849 910 2916 roborando.
938 2851 1046 2916 Datum
1071 2871 1126 2936 per
1153 2871 1255 2916 manus
1278 2851 1406 2916 discreti
1437 2852 1492 2917 riri

310 2958 447 3040 magistri
467 2959 620 3025 Theodori
642 2961 789 3045 prepositi
809 2959 951 3024 Albensis
978 2960 1119 3031 ecclesie,
1141 2959 1208 3024 aule
1230 2964 1333 3023 nostre
1348 2961 1491 3024 vicecan-

312 3065 426 3131 cellarii
448 3066 550 3135 dilecti
568 3073 598 3133 et
614 3066 711 3132 fidelis
727 3071 834 3132 nostri.
858 3069 942 3134 Anno
962 3068 1120 3133 millesimo
1136 3068 1339 3132 ducentesimo
1352 3089 1488 3152 nonage-

309 3175 384 3239 simo
399 3176 531 3241 secundo
544 3177 700 3243 undecimo
713 3175 854 3242 calendas
861 3177 944 3252 lulii,
954 3177 1041 3262 regni
1049 3177 1247 3242 autemnostri
1258 3197 1333 3242 anno
1342 3177 1488 3242 secundo.

806 3345 981 3417 CLXXXV.

632 3482 716 3545 1292,
735 3486 780 3538 22.
798 3484 868 3539 luni.
887 3483 1164 3538 llcrmannstadt.

400 3592 553 3657 Uniuersis
570 3595 727 3676 presencia
743 3597 936 3678 inspecturis,
948 3595 1079 3676 judices,
1092 3593 1201 3675 jurati,
1225 3613 1260 3657 ac
1277 3598 1339 3657 tota
1357 3614 1487 3658 commu·

307 3698 385 3762 nitas
399 3697 470 3764 ville
486 3698 692 3785 Cybiniensis,
714 3700 840 3767 salutern
862 3704 892 3766 in
917 3702 1044 3766 omnium
1065 3701 1224 3766 saluatore.
1250 3697 1345 3781 Quum
1370 3720 1407 3764 ea
1431 3721 1486 3787 qne

306 3812 435 3891 aguntur
449 3811 480 3873 in
495 3813 660 3895 temporea
677 3812 817 3876 memoria
833 3831 872 3876 ne
888 3809 1038 3885 decidant,
1054 3811 1270 3894 scripturarum
1285 3809 1385 3874 solent
1406 3810 1483 3874 indi-

308 3915 364 3980 ciis
394 3915 545 3992 roborari,
580 3918 616 3983 ad
643 3921 850 3984 uniuersorum
883 3922 975 4003 igitur
1007 3918 1197 4005 presencium
1235 3923 1486 4005 posterorumque

306 4026 445 4090 noticiam
461 4027 564 4092 harum
586 4029 747 4114 peruenire
762 4030 898 4094 volumus
919 4030 1001 4094 serie
1023 4029 1204 4099 litterarum,
1228 4026 1307 4111 quod
1323 4049 1378 4091 nos
1396 4049 1485 4113 quan-

306 4133 373 4198 darn
388 4135 505 4200 domum
517 4157 584 4203 cum
599 4137 662 4202 suis
679 4138 850 4202 attinenciis
865 4138 896 4201 in
917 4137 1041 4222 Cybinio
1064 4139 1211 4200 iacentem
1228 4135 1312 4200 etad
1335 4157 1390 4200 nos
1411 4159 1482 4222 per·

306 4241 457 4316 tinentem,
481 4245 538 4310 iam
562 4245 670 4311 dudum
687 4267 704 4310 a
720 4246 804 4311 nobis
819 4267 874 4330 pro
895 4245 1035 4330 hospitali
1052 4244 1192 4318 habitam,
1211 4249 1242 4308 et
1255 4265 1311 4328 per
1323 4266 1379 4309 nos
1396 4266 1478 4310 mann

305 4352 434 4418 seculari
460 4361 645 4428 correctam,
678 4355 751 4420 viris
778 4353 930 4438 religiosis
960 4359 1063 4439 rtpote
1088 4354 1152 4418 Deo
1174 4353 1310 4432 dilectis,
1341 4355 1481 4420 tratribus

306 4461 533 4547 Cruciscrs's,de
546 4463 651 4528 ordine
666 4465 762 4529 sancti
775 4464 907 4550 Spiritus
924 4465 1135 4536 concessimus,
1149 4462 1326 4528 contulimus
1344 4472 1376 4530 et
1392 4466 1481 4529 dona·

304 4571 410 4645 umus,
425 4591 462 4636 eo
478 4571 554 4650 iure,
570 4592 628 4659 quo
646 4575 754 4638 donum
770 4594 825 4638 seu
837 4572 964 4639 collacio
980 4573 1060 4639 dicte
1075 4571 1189 4646 domus,
1199 4570 1238 4636 ad
1253 4593 1306 4638 nos
1323 4572 1481 4656 dignosce·
