3150 5092
606 585 772 658 LXXXIX.

652 739 732 796 raes.

180 867 249 931 Nos
266 868 438 932 uniuersum
461 869 621 951 eapitulom
643 870 782 934 Albensis
806 868 936 936 ecclesie
951 866 1175 937 Transsiluaue,
1202 866 1282 929 beati

6 980 8 996 '
84 975 265 1048 Michaelis,
283 977 487 1058 signitioamos
505 977 618 1041 eunetis
634 984 768 1042 tenorem
785 977 976 1061 presencium
992 977 1185 1061 inspecturis,
1202 975 1280 1059 quod

6 1091 9 1099 '
84 1086 267 1148 constitutis
284 1106 385 1149 eoram
402 1086 498 1157 nobis,
514 1085 607 1159 boka,
625 1108 691 1152 oum
707 1087 803 1151 tribus
820 1086 955 1167 cognatis
970 1085 1042 1157 suis,
1055 1083 1281 1156 nominellama,

84 1193 201 1278 Nylron
218 1200 249 1258 et
259 1194 399 1278 Olyuerio
409 1215 444 1259 ex
459 1216 516 1259 una
532 1201 628 1278 parte,
643 1217 678 1260 ex
694 1197 787 1260 altera
804 1216 887 1266 uero,
897 1196 1033 1267 Andrea,
1050 1213 1162 1276 genero
1185 1194 1281 1277 ipsius

87 1303 195 1376 bula,
212 1304 295 1367 idem
322 1304 403 1368 bula
432 1304 624 1389 protestando
647 1306 793 1380 asseruit,
821 1305 900 1391 quod
923 1305 962 1368 de
985 1303 1137 1368 uoluntate
1159 1312 1190 1368 et
1211 1324 1283 1367 eoo-

90 1433 182 1477 sensu
200 1415 472 1498 prenominatorum
489 1421 683 1496 cognatorum
700 1436 830 1486 suorum,
848 1416 927 1478 sieut
942 1414 1021 1478 idem
1044 1414 1074 1476 iu
1093 1415 1189 1478 nostri
1207 1433 1280 1498 pre·

90 1523 198 1586 seneia
220 1521 453 1595 confessisunt,
477 1523 614 1605 predicto
637 1523 772 1593 Andree,
797 1543 909 1607 genero
936 1544 990 1586 suo
1014 1524 1134 1587 ansuis
1159 1522 1282 1586 heredi·

89 1628 158 1700 bus,
185 1631 310 1694 racione
331 1628 392 1692 lilie
409 1651 478 1700 sue,
503 1652 591 1715 quam
619 1619 715 1694 habel
735 1633 764 1694 in
793 1651 914 1695 uxorem
940 1636 1074 1715 quartam
1096 1636 1213 1715 partem
1244 1630 1282 1693 de

5 1822 6 1827 ἵ
91 1739 239 1823 emptieia
261 1744 342 1801 terra
365 1739 518 1826 Clruopuo
546 1747 667 1815 uocata,
695 1761 782 1826 quam
811 1739 1000 1825 possidebat,
1023 1760 1090 1804 oum
1114 1740 1172 1801 iam
1196 1738 1284 1802 dietis

91 1849 236 1931 cognatis
254 1849 315 1911 suis
329 1848 520 1921 oomnlisset,
536 1855 684 1934 perpetuo
701 1848 913 1932 possidendam
930 1858 961 1913 et
973 1848 1149 1921 habendam,
1162 1849 1199 1912 ad
1218 1850 1284 1912 eius

5 2040 6 2045 ἵ
90 1955 280 2018 uoluntatem
297 1975 388 2038 super
403 1954 468 2039 ipsa
486 1962 591 2040 quarta
607 1963 692 2042 parte
710 1957 923 2042 exequendam,
940 1958 1005 2020 siue
1022 1957 1112 2021 dandi
1134 1962 1184 2020 aut
1210 1976 1285 2019 uen-

91 2063 198 2136 dendi,
216 2063 266 2126 uel
282 2064 423 2140 testandi,
446 2072 477 2127 ut
498 2065 591 2147 igitur
615 2067 703 2130 huius
731 2067 777 2130 rei
801 2067 896 2130 series
925 2065 1164 2130 irreuooabiliter
1190 2064 1284 2129 robur

92 2177 246 2256 perpetue
268 2170 416 2234 firmitatis
439 2172 587 2246 obtineat,
610 2177 768 2258 presentes
790 2174 924 2238 dedimus
947 2174 1050 2237 literas
1073 2174 1166 2254 sigilli
1190 2174 1284 2238 nostri

96 2283 260 2347 munimine
287 2285 451 2348 roboratas.
489 2282 613 2349 Nicolao
642 2286 812 2369 preposito,
841 2284 962 2349 Alberto
993 2292 1124 2348 cantore.
1163 2284 1283 2350 Andrea

95 2391 233 2463 eustode,
251 2394 395 2474 magistro
411 2389 565 2457 Casmerio
582 2393 695 2458 decano
712 2392 916 2458 existentibus.
949 2395 1053 2458 Datum
1072 2415 1148 2457 anno
1172 2395 1282 2458 domini

96 2503 151 2566 ulo.
175 2501 235 2566 CC.
250 2503 435 2584 sexagesimo
453 2509 569 2566 octauo.

667 2728 730 2796 Xe.

465 2882 544 2944 1268,
562 2884 606 2936 20.
626 2883 776 2936 December.
797 2882 915 2936 llodna.

187 3007 249 3072 Nos
262 3009 382 3091 judiees
399 3012 429 3072 et
440 3009 533 3090 jurati
549 3011 586 3074 de
602 3011 724 3082 Rodna,
749 3011 785 3075 ad
808 3011 1012 3075 universorum
1029 3011 1161 3075 notitiam
1178 3013 1282 3076 barum

97 3120 179 3182 serie
191 3119 327 3202 cupimus
342 3119 512 3200 pervenire,
529 3120 722 3204 presentium.
729 3142 786 3206 per
802 3127 946 3184 tenorem.
965 3119 1051 3203 Quod
1068 3140 1169 3183 eomes
1185 3120 1286 3187 Ilotbo

96 3249 163 3292 oum
190 3227 267 3290 bona
290 3227 438 3290 voluntate
457 3227 583 3290 omnium
606 3249 727 3291 suornm
751 3230 922 3301 amicorum,
952 3235 982 3293 et
1004 3228 1157 3300 heredum,

105 3341 152 3400 sui
180 3335 298 3400 comitis
316 3334 536 3407 Heuehmanni,
563 3336 680 3401 seilicet
700 3337 761 3402 lilie
789 3359 842 3401 sue
864 3337 1033 3419 Margarete
1061 3334 1195 3400 vendidit
1217 3358 1286 3402 suas

98 3444 311 3530 possessiones
335 3444 434 3507 eomiti
457 3444 584 3508 llenrieo
609 3445 670 3510 filio
695 3445 847 3510 Brendlini
871 3452 902 3510 et
918 3447 979 3510 suis
998 3443 1170 3518 heredibus,
1193 3447 1286 3511 here·

99 3556 208 3619 dumne
229 3552 457 3617 suecessoribus
474 3573 527 3636 pro
545 3561 673 3628 eentum,
691 3559 721 3617 et
737 3555 949 3640 quinquaginta
970 3554 1116 3617 Vmarois
1141 3553 1287 3620 fulminati

100 3663 229 3746 argenti,
249 3682 314 3726 eum
329 3660 466 3746 pondere
484 3661 520 3725 de
538 3661 638 3726 Rodna
665 3684 718 3746 pro
742 3710 839 3726 .....
861 3669 937 3736 tote,
960 3668 990 3726 et
1012 3662 1176 3737 solutione,
1200 3685 1287 3748 quam

5 3792 7 3829 r
100 3792 203 3834 eomes
220 3770 316 3834 Rotbo
333 3770 450 3834 domino
467 3771 531 3852 regi
548 3791 601 3854 pro
619 3771 718 3836 otlinio
739 3773 859 3836 solvere
875 3771 1044 3836 tenebatur.
1068 3771 1193 3835 Nomina
1216 3794 1287 3838 uero

5 3960 6 3972 ἵ
100 3881 234 3964 ipsarum
251 3879 475 3963 possessionum
492 3878 548 3942 hee
565 3884 642 3952 suut,
659 3881 754 3963 primo
771 3883 863 3945 turris
879 3880 1008 3964 lapidea,
1026 3885 1056 3942 et
1071 3879 1174 3944 domus
1187 3882 1287 3965 lignea

5 4034 6 4075 ,
99 3987 180 4072 apud
196 3986 311 4060 turrim,
340 3993 370 4051 et
392 3989 504 4053 curiam
533 3991 642 4052 eireum
671 3991 824 4062 munitam,
855 4010 921 4053 enm
946 3987 1036 4051 fundo
1063 3991 1141 4053 sieut
1164 3989 1287 4054 condam

100 4117 205 4161 eomes
222 4095 450 4160 lleuebmannns
466 4097 610 4181 possedit,
628 4101 698 4162 item
715 4099 915 4163 molendinum
937 4097 1014 4161 ultra
1032 4117 1136 4181 aquam
1159 4099 1286 4163 Zhomos

100 4226 168 4269 eum
186 4205 266 4267 omni
282 4204 420 4278 utilitate,
448 4206 526 4270 sieut
548 4208 604 4270 luit
625 4207 740 4272 eomitis
763 4207 976 4271 lleuebmanui.
1001 4208 1074 4269 Item
1090 4227 1188 4270 oasam
1211 4209 1285 4270 inte-

5 4309 6 4398 i
101 4315 227 4397 graliter
243 4319 274 4376 et
290 4313 365 4378 duos
382 4315 491 4388 eurias,
515 4321 546 4378 et
562 4334 664 4380 omnes
683 4335 771 4397 agros
788 4314 844 4380 sub
861 4319 970 4388 oestro,
993 4319 1065 4398 quot
1088 4313 1124 4378 ad
1148 4316 1287 4380 comitem

5 4407 6 4415 ἵ
101 4423 342 4487 lleuebmnnnnm
360 4423 491 4488 novimus
507 4425 669 4506 pertinere.
693 4425 767 4489 Item
784 4424 897 4488 medias
913 4430 1016 4507 partes
1034 4423 1151 4503 argenti
1167 4424 1287 4488 fodina-

5 4553 6 4588 1
102 4553 167 4596 rum
183 4532 314 4618 undique
330 4533 472 4605 looorum,
490 4553 564 4618 quas
581 4533 617 4596 ad
635 4532 772 4598 comitem
788 4532 951 4598 Rothonem
968 4531 1102 4595 novimus
1122 4534 1286 4616 pertinere.
