3150 5092
1214 332 1265 403 43

51 507 289 594 iniquitatiset
295 511 433 576 inimicos
447 513 586 597 equitatis
600 510 744 574 radicitus
757 506 923 572 evellentes
931 507 1140 589 disperdamus
1156 508 1268 571 ultione

53 617 230 692 malorum,
241 619 459 683 confundentes
473 619 655 692 malevolos;
671 624 702 681 et
714 617 868 699 sopientes
876 614 1038 699 nequitiam
1046 622 1268 697 emergentem3

51 725 160 789 bonos
188 747 284 797 vero,
313 729 401 809 regni
421 727 617 802 utilitatibus,
645 732 675 788 et
701 744 813 808 corone
837 723 926 804 regie
947 723 1128 806 pervigiles,
1142 723 1269 805 regalis

55 832 280 897 munificentie
297 833 384 896 donis
401 835 549 905 enutrire,
573 833 704 896 educare
727 830 911 894 studeamus.
936 830 997 894 llac
1019 832 1118 914 itaque
1138 831 1269 894 circom-

55 941 235 1024 spectione
252 942 390 1026 permoti,
414 942 599 1024 presentium
628 961 664 1004 ac
680 948 870 1024 posterorum
891 939 996 1001 notitie
1009 939 1144 1010 duximus
1166 919 1270 1002 decla-

54 1048 212 1112 randum.
238 1049 324 1130 Quod
351 1069 417 1112 cum
441 1049 550 1114 Simon
571 1050 681 1113 Benna
702 1049 798 1110 frater
823 1033 994 1112 Michaelis
1015 1048 1102 1112 Boni
1125 1067 1219 1117 novo,
1239 1051 1270 1109 et

56 1158 209 1220 inaudito
239 1177 354 1238 genere
373 1157 558 1239 iniquitatis,
583 1161 614 1219 et
635 1156 769 1239 nequitie
795 1154 1055 1218 adinventionibus
1079 1151 1270 1218 detestabili-

57 1263 118 1326 bus
139 1265 325 1337 erudeliter,
344 1268 375 1327 et
391 1266 552 1328 enormiter
565 1269 707 1335 armatus,
724 1283 783 1326 una
802 1283 868 1326 cum
884 1263 948 1326 suis
965 1261 1173 1345 complicibus,
1195 1262 1269 1326 viris

14 1413 18 1420 -
57 1372 231 1454 seguinum
249 1370 331 1458 (sic)
355 1377 384 1435 et
400 1371 532 1443 dolosis,
549 1372 585 1434 ad
603 1371 738 1434 dedecus
759 1375 789 1433 et
817 1370 1010 1453 opprobrium
1038 1363 1151 1434 corona
1184 1370 1270 1451 regie

57 1479 333 1564 conspirantibus,
370 1481 474 1544 mortis
514 1478 592 1542 bone
632 1478 777 1542 memorie
810 1479 980 1543 omneis
1007 1477 1128 1542 domine
1161 1479 1269 1558 regine

58 1589 253 1652 charissime
275 1587 413 1669 conjugis
442 1594 546 1650 nostre
577 1587 734 1670 particeps
765 1586 963 1661 exstitisset,
1002 1585 1104 1648 babito
1137 1605 1283 1649 commun·

57 1694 204 1760 liliorum
225 1701 257 1758 et
278 1695 500 1779 episcoporum,
524 1715 658 1759 necnon
679 1694 810 1758 omnium
832 1693 975 1757 baronum
1000 1699 1173 1757 nostrorum
1198 1712 1273 1758 coo-

59 1804 147 1877 silio,
172 1803 331 1868 universas
356 1803 491 1885 ejusdem
515 1803 725 1887 possessiones
749 1802 941 1866 decrevimus
969 1801 1037 1865 fore
1057 1801 1276 1872 confiscandum

59 1910 155 1975 etad
174 1932 279 1976 manus
296 1912 396 1994 regias
413 1914 521 1976 merito
546 1915 577 1975 et
600 1911 733 1992 legitime
755 1909 972 1980 devolvendae,
994 1909 1033 1973 de
1049 1909 1158 1994 quibm
1173 1929 1267 1994 quan-

60 2019 136 2081 dam
154 2018 485 2102 ipsiuspossessionem
497 2021 615 2082 nomine
630 2018 783 2104 lepram)
798 2017 971 2080 ultrasilvas
988 2017 1264 2089 constitutam,com

61 2126 212 2190 omuibus
229 2126 319 2198 villis,
342 2131 373 2190 et
396 2126 521 2209 prediis,
539 2125 698 2198 libertinis,
725 2109 835 2199 servis,
854 2122 984 2196 ancillis,
1009 2144 1066 2187 nec
1086 2144 1143 2187 non
1162 2125 1273 2190 etaliis

61 2235 103 2297 ad
122 2233 253 2296 eandem
266 2233 497 2317 pertinentibus,
515 2235 607 2298 certis
623 2235 711 2297 metis
733 2238 764 2296 et
785 2231 922 2296 terminis
942 2233 1074 2314 undique
1095 2232 1268 2296 distinctam

56 2342 240 2423 dilecto'et
262 2342 343 2405 lideli
366 2348 470 2406 nostro
494 2343 649 2427 Dponisio
674 2341 735 2405 lilio
755 2341 905 2426 Dyonrsii
924 2341 1078 2426 magistro
1106 2341 1271 2406 tbeverni-

70 2471 186 2514 coram
212 2453 401 2521 nostrorum,
435 2450 472 2513 ob
495 2450 659 2514 indecidue
688 2449 842 2514 fidelitatis
871 2468 925 2510 sue
947 2448 1159 2518 constantiam,
1183 2469 1275 2532 ¹‹puam

70 2557 166 2619 nobis
192 2555 260 2618 loco
300 2560 330 2619 et
353 2561 490 2640 tempore
513 2557 721 2619 indesinenter
755 2561 786 2620 et
814 2554 1001 2618 excellenter
1024 2539 1174 2628 exhibuit,
1204 2558 1273 2639 jure

69 2662 262 2726 hereditario
293 2663 474 2726 contulimus
506 2664 736 2746 possidendam,
768 2664 799 2724 in
827 2663 1052 2744 possessionem
1076 2662 1273 2743 jamdictam

70 2793 132 2855 per
154 2769 275 2834 fidelem
300 2776 435 2835 nostrum
462 2772 650 2837 Alolbodum
678 2773 819 2837 comitem
852 2773 890 2835 de
911 2793 1030 2860 penore
1061 2773 1143 2843 noe,
1180 2772 1274 2836 lilium

71 2881 266 2946 Leacsteclrii
289 2882 474 2945 auctoritate·
492 2884 576 2964 regia
606 2883 704 2967 ipsum
727 2881 879 2945 introduci
897 2882 1055 2953 facientes,
1068 2883 1163 2968 ‘cujus
1179 2884 1275 2966 prima

71 2993 155 3051 meta
177 2987 285 3070 incipit
308 3008 325 3051 a
346 2995 433 3071 parte
461 2990 601 3054 orientali
623 2980 654 3052 in
679 2990 777 3074 pincio
794 2989 953 3074 monne),
970 2988 1007 3051 ad
1024 2989 1178 3052 sinistram
1191 2992 1275 3073 jacet

74 3096 228 3182 magistri
238 3097 390 3179 Dpoeisii
405 3104 498 3175 terra,
518 3119 533 3161 a
551 3098 656 3162 dextra
673 3117 744 3162 vero
758 3102 895 3160 remanet
907 3097 1046 3163 Simonis
1057 3099 1151 3169 Boni,
1165 3099 1275 3164 deinde

76 3203 179 3266 adbuc
203 3207 233 3266 in
253 3222 344 3266 cursu
360 3204 496 3285 ejusdem
516 3205 618 3268 lllorus
636 3207 696 3268 itur
712 3205 749 3268 ed
778 3210 908 3269 castrum
928 3203 1092 3288 Vecbew),
1121 3212 1153 3268 et
1174 3212 1274 3271 castro

80 3310 200 3375 Vecbeu
216 3310 349 3373 flectitur
374 3312 410 3374 ad
437 3313 570 3375 dextram
589 3331 717 3384 manum,
737 3316 768 3375 et
787 3313 830 3375 ibi
854 3318 924 3374 sunt
949 3312 1008 3374 due
1031 3317 1111 3375 mete
1126 3314 1156 3374 in
1180 3319 1273 3386 terra,

76 3417 189 3481 deinde
205 3420 307 3499 vergit
322 3439 428 3483 versus
446 3420 647 3490 occidentem,
665 3424 695 3481 et
707 3419 845 3482 ascendit
865 3420 896 3481 io
918 3424 1059 3491 montem,
1082 3421 1132 3503 qui
1149 3426 1275 3484 vocatur

76 3522 220 3609 zaroes)
251 3525 302 3589 ubi
330 3531 400 3589 sunt
431 3526 489 3590 due
510 3531 602 3598 mete,
630 3546 756 3611 quarum
785 3547 844 3589 una
865 3527 896 3588 io
925 3534 1023 3600 terra,
1058 3527 1117 3590 alia
1143 3547 1215 3592 vero
1243 3530 1273 3592 in

76 3631 197 3705 arbore,
214 3633 323 3696 deinde
340 3633 499 3697 descendit
520 3635 556 3698 ad
588 3634 727 3717 paludem
749 3635 878 3697 eandem
898 3636 1013 3706 Zaleuci,
1031 3655 1118 3718 quam
1133 3634 1272 3719 paludem

76 3741 188 3803 transit
203 3740 281 3804 ultra
297 3741 334 3804 ad
350 3743 469 3807 Dienses
489 3744 610 3814 Teleda,
628 3743 739 3805 deinde
756 3742 838 3804 vadit
857 3743 941 3823 juxta
963 3742 1190 3827 villamLuer⁶)
1214 3763 1273 3826 que

78 3846 148 3910 villa
165 3849 251 3912 Lacr
267 3849 304 3912 ad
322 3849 474 3911 sinistram
498 3854 631 3913 remanet
652 3851 807 3936 magistro
829 3851 995 3934 Dyonioio,
1023 3850 1053 3912 in
1076 3850 1180 3914 dextra
1203 3873 1274 3914 vero

79 3958 166 4036 parte
182 3959 316 4016 remanet
332 3959 413 4017 terra
430 3955 568 4020 Simonis
586 3958 681 4028 Boni,
703 3957 793 4021 etsie
810 3956 910 4020 eundo
927 3958 1067 4021 ascendit
1088 3960 1117 4021 in
1135 3978 1274 4040 magnum

111 4192 134 4254 1)
149 4191 260 4251 crepui,
272 4193 302 4238 im
313 4196 446 4240 Koloseber
457 4196 565 4242 ComItat.

110 4276 134 4338 8)
146 4280 171 4323 ln
183 4279 248 4332 loco,
259 4279 298 4334 qui
309 4281 408 4324 vocatur
419 4281 546 4339 Mogomu,
558 4283 582 4327 et
592 4283 627 4327 sic
638 4282 763 4328 seeundum
776 4295 871 4327 cursum
881 4280 984 4339 ejusdem
995 4283 1074 4327 Morus
1086 4281 1134 4341 (t).

110 4355 134 4416 3)
145 4354 215 4412 vics,
227 4358 257 4403 im
269 4360 390 4404 'l'bordaer
402 4362 509 4406 C'omitat.

109 4436 134 4496 ⁴)
146 4440 210 4483 arao
222 4441 314 4496 senaar,
326 4441 356 4485 rm
368 4429 489 4488 onerasse
499 4443 608 4489 coartat.

111 4516 134 4581 ⁵)
147 4515 295 4566 Istat-laevir
305 4523 335 4567 im
348 4524 469 4568 Thordaer
484 4525 591 4570 Comitat.
