3150 5092
1216 351 1289 424 165

24 507 25 588 ζ
111 516 204 579 tocius
232 517 404 592 Sclauonic,
432 519 548 584 dubane
574 522 718 603 magistro
744 526 966 587 tauernicorum
994 530 1162 589 nostrorum
1185 528 1293 592 comite

110 625 318 708 Supronionsi‚
335 628 449 692 Thoma
457 630 561 712 judice
577 633 660 696 curie
676 637 787 704 nostro,
804 632 937 696 llolando
955 634 1116 716 woyauoda
1137 636 1292 699 Traussil-

110 753 184 797 uano
200 737 311 800 comite
328 737 366 802 de
382 737 513 811 Zounuh‚
530 738 670 804 Ladizlao
687 742 829 822 magistro
843 741 1045 825 dapiferorum
1062 750 1246 816 nostrorum,
1263 749 1293 808 et

108 843 175 906 aliis
191 847 428 931 quampluribus
444 850 601 913 comitatus
618 851 707 932 regni
719 853 815 914 nostri
831 851 1003 915 tenentibus
1021 858 1051 915 et
1067 853 1205 916 honores.

624 1035 774 1107 ccxvu.
900 1135 902 1139 .

561 1175 640 1236 1291,
659 1176 702 1229 21.
722 1175 848 1229 Februar.

197 1302 334 1365 Andreas
349 1302 404 1366 Dei
420 1304 522 1386 gracia
540 1303 701 1386 Hungarie,
717 1305 883 1377 Dalmacie;
902 1303 1035 1378 croadis,
1049 1306 1148 1377 Rama,
1172 1305 1290 1378 Seruis,

105 1409 254 1482 Gallicis,
281 1409 479 1485 Lodomorie,
512 1411 712 1498 Cumanieque
739 1434 801 1478 rex.
828 1413 980 1477 Vniuersis
1007 1412 1121 1476 Christi
1151 1413 1291 1477 fidelihus

106 1521 302 1602 presencium
326 1522 465 1586 noticiam
489 1522 643 1587 habituris.
669 1523 802 1587 Salutem
826 1525 855 1586 in
882 1544 918 1586 eo
935 1524 984 1607 qui
1000 1523 1123 1606 regibus
1141 1523 1191 1587 dat
1206 1523 1289 1587 salu-

16 1618 20 1629 ’
102 1634 176 1692 tem.
218 1628 432 1696 Vniuersorum
466 1633 576 1695 noticie
610 1633 712 1696 harum
749 1635 830 1696 serie
867 1633 1062 1696 declaramus.
1103 1631 1188 1713 Quod
1222 1653 1288 1696 ven.

16 1813 18 1823 ,
101 1743 192 1820 pater
205 1739 320 1804 Petrus
335 1740 384 1803 dei
399 1743 499 1822 gracia
518 1742 678 1825 episcopus
693 1743 922 1804 Transsiluanus
940 1741 976 1804 ad
994 1746 1124 1804 nostram
1141 1741 1289 1804 accedeus

16 1872 22 1947 ζ
100 1850 295 1930 presenciam
315 1849 447 1913 exhibuit
469 1851 554 1914 nohis
577 1857 713 1935 patentes
742 1851 859 1913 litteras
878 1850 1010 1913 ladislai
1026 1850 1074 1912 dei
1091 1850 1191 1931 gracia
1208 1850 1290 1930 regis

16 1952 21 2024 l'
100 1957 257 2038 Hungarie
274 1960 416 2041 patruelis
433 1959 533 2023 fratris
550 1963 643 2024 nostri
662 1980 753 2043 super
774 1959 959 2024 libertatibus
973 1960 1146 2042 populorum
1161 1959 1291 2022 ecclesie

100 2087 159 2130 sue
184 2067 360 2140 coniectas,
390 2074 495 2150 petens
525 2090 539 2131 a
568 2069 654 2132 nohis
676 2069 835 2150 diligenter
862 2089 897 2131 ao
915 2069 1033 2140 deuote,
1050 2074 1083 2130 ut
1098 2089 1153 2130 uos
1169 2069 1289 2131 easdem

98 2175 221 2239 litteras
248 2182 327 2239 ratas
351 2177 464 2240 babere
498 2184 527 2240 et
559 2183 659 2242 nostro
691 2178 880 2259 dignaremur
912 2176 1071 2259 priuilegio
1103 2176 1289 2249 conlirmare,

14 2288 22 2331 t
99 2306 229 2370 quarum
246 2285 365 2371 quidem
382 2286 546 2350 litterarum
562 2293 648 2350 tenor
667 2287 736 2350 talis
761 2292 817 2350 est.
848 2286 957 2372 (Siehe
975 2285 1028 2348 Nr.
1052 2284 1175 2348 CXXXI.
1192 2285 1288 2350 1282.

100 2395 158 2456 21.
177 2391 291 2479 mara.)

195 2501 258 2564 Nos
282 2505 383 2588 itaque
405 2503 499 2586 ipsius
523 2523 588 2568 ven.
605 2507 699 2589 patris
716 2503 917 2588 peticionibus
937 2502 1141 2567 fauorabiliter
1156 2501 1289 2566 inclinati

97 2609 261 2674 libertates
284 2613 414 2694 ipsorum
442 2615 618 2698 populorum
647 2633 765 2676 suorum
790 2620 821 2676 et
836 2612 969 2676 ecclesio
986 2632 1040 2674 suc
1055 2611 1239 2695 proscriptas
1258 2617 1289 2674 et

99 2719 227 2782 aliarum
254 2720 388 2795 uillarum
415 2743 533 2786 suarum
561 2743 595 2786 ac
624 2729 791 2786 nostrarum
813 2741 935 2804 quarum
960 2721 1075 2783 nomina
1092 2718 1285 2802 presentibus

16 2870 20 2916 i,
99 2828 256 2892 subscribi
281 2831 418 2903 lecimus,
441 2831 580 2895 uidelicet
602 2831 732 2896 ciuitatis
757 2829 895 2893 Albensis
919 2848 984 2892 cum
1002 2830 1064 2892 suis
1081 2828 1286 2913 pertinenciis,

99 2939 172 3000 uilla
191 2939 284 3002 sancti
302 2939 399 3020 regis,
418 2948 449 3002 et
470 2940 540 3003 uilla
562 2942 658 3004 sancti
675 2938 791 3003 Nicolai
807 2939 837 3000 in
859 2939 998 3002 comitatu
1017 2939 1054 3002 de
1077 2937 1187 3007 dea,
1214 2938 1287 2999 item

14 3087 19 3146 Γ
100 3046 203 3128 Vijsta
231 3053 261 3110 ot
281 3049 379 3130 Sasag
401 3049 430 3111 in
455 3049 595 3112 comitatu
613 3049 650 3111 de
674 3048 778 3120 Culus,
797 3053 827 3110 et
842 3046 910 3108 uilla
927 3046 1029 3110 Neecb
1046 3048 1077 3109 in
1093 3047 1234 3110 comitatu
1249 3045 1287 3108 de

14 3233 16 3248 .
97 3156 236 3227 Dobuba,
254 3177 377 3241 quorum
393 3157 529 3241 hospites
547 3163 745 3240 congregatos
762 3161 792 3218 et
808 3154 1038 3237 congregandos
1052 3156 1082 3217 in
1098 3153 1286 3217 libertatibus

14 3249 16 3342 i
98 3266 282 3348 prescriptis
300 3286 480 3330 conseruare
496 3267 629 3331 volumus
658 3269 737 3328 ratas
762 3263 907 3326 habentes
935 3269 966 3328 et
988 3269 1136 3347 acceptas,
1152 3268 1287 3326 tenorem
1401 3341 1405 3351 ι

14 3343 26 3414 l*
99 3374 249 3438 dictarum
266 3376 427 3439 litterarum
444 3376 527 3456 regis
542 3374 676 3438 Ladizlai
691 3372 884 3456 presentibus
901 3374 993 3435 inseri
1010 3372 1146 3435 iaciendo
1160 3371 1289 3435 auctori-

97 3490 163 3548 tate
187 3484 378 3566 presencium
401 3484 617 3548 confirmamus.
643 3483 779 3566 Duplicis
803 3481 896 3564 sigilli
912 3483 1005 3545 nostri
1021 3481 1180 3544 munimine
1197 3480 1287 3544 robo-

14 3675 16 3684 .
98 3591 205 3654 rando.
231 3592 337 3655 Datum
354 3611 409 3674 per
425 3612 528 3654 manus
545 3591 726 3654 venerabilis
744 3591 801 3654 viri
817 3590 953 3671 magistri
976 3588 1128 3653 Theodori
1148 3587 1287 3651 Albensis

14 3705 16 3772 i
98 3700 236 3765 ecclesie
252 3700 397 3784 prepositi
415 3702 481 3764 aula
497 3706 600 3764 nostra
616 3699 869 3770 vicecancellarii,
892 3699 994 3762 dilecti
1015 3704 1047 3762 et
1068 3697 1166 3761 fidelis
1183 3699 1286 3760 nostri.

98 3817 184 3875 hnno
203 3809 314 3872 domini
332 3809 461 3872 M⁰.CC⁰.
480 3809 673 3890 nonagesimo
686 3810 792 3893 primo,
811 3812 895 3871 sexto
913 3806 1176 3888 halendashlarcij.
1190 3806 1287 3887 Regni

99 3927 200 3985 autem
218 3922 313 3985 nostri
330 3941 406 3984 anno
423 3915 530 4003 primo'.

611 4121 773 4194 CLXVlll.

342 4281 410 4336 1291
432 4280 576 4353 (awisohen
590 4278 649 4333 dam
661 4279 705 4334 29.
718 4278 816 4333 Janncr·
828 4274 881 4330 und
895 4275 937 4330 11.
951 4272 1045 4345 Mara).

14 4493 15 4496 Ἴ
191 4410 451 4475 Excellentissimo
480 4409 598 4472 domino
626 4428 679 4473 suo
708 4407 826 4470 Andree
853 4404 903 4468 dei
930 4403 1026 4488 gratia
1051 4403 1118 4484 regi
1134 4402 1288 4484 Hungarie

99 4521 261 4606 capitulum
275 4518 406 4582 ecclesie
419 4520 451 4581 Β.
465 4517 622 4581 Michaelis
638 4515 814 4597 archangeli
825 4513 1050 4580 Transsiluanie
1067 4510 1286 4580 inclinationem
