3150 5092
1204 305 1279 375 133

82 492 138 556 per
163 493 253 536 unum
278 494 383 538 nemus
411 477 588 558 pervenitur
614 478 652 540 ad
683 477 841 561 quemdam
869 477 968 541 locum
994 477 1218 560 lliralykutalu,
1247 483 1281 541 et

83 579 367 653 llariatellefou,et
377 584 457 647 inter
469 585 534 669 ipsa
545 585 578 646 in
593 605 651 648 uno
668 585 775 648 rubeto
792 604 878 647 uuam
896 590 1005 648 metam
1019 589 1149 648 terream
1166 588 1282 650 erexis-

79 693 163 760 sent;
186 689 315 752 ulterius
335 690 529 772 procedendo
550 691 628 755 ultra
651 712 739 756 unam
761 693 856 763 viam,
881 712 938 776 qua
955 692 1073 756 venitur
1089 694 1125 756 ad
1143 693 1280 757 Zeutmi-

78 794 237 878 halytellxe
247 795 290 881 1),
317 802 347 861 et
369 799 467 862 tendit
491 800 527 863 ad
551 818 640 862 unum
657 799 777 882 Boregb
794 819 901 862 versus
917 800 1098 884 aquilonem,
1115 800 1277 884 lliralylu-

76 905 153 985 taly,
172 906 251 968 etin
267 907 335 989 ipso
352 904 473 988 Beregh
489 927 575 970 uuam
591 912 698 970 metam
718 913 850 970 terream
872 909 1052 980 erexissent,
1077 913 1110 970 et
1124 929 1182 990 per
1196 907 1276 971 idern

79 1011 207 1094 Res-egb
225 1013 399 1095 pervcnitur
415 1013 451 1077 ad
468 1015 616 1098 quendam
628 1015 724 1077 locum
735 1013 941 1096 Raroualyrol
958 1020 1104 1088 vocatum,
1121 1015 1174 1078 ubi
1191 1035 1279 1078 unam

80 1126 196 1182 metam
220 1121 388 1184 cursualem
408 1123 611 1204 reperissent;
638 1123 745 1184 exinde
761 1121 839 1184 infra
863 1121 1055 1194 declinando,
1080 1144 1135 1205 per
1151 1122 1277 1186 eandem

77 1225 204 1310 plagam
228 1227 379 1312 aquilonis
401 1230 520 1292 venitur
544 1228 580 1292 ad
602 1212 748 1313 quandam
775 1235 887 1292 terram
914 1229 1088 1311 paludosam
1115 1230 1278 1293 Boraasato

75 1337 237 1407 vocatam,
260 1355 354 1420 penes
370 1355 458 1420 quam
476 1340 540 1400 tres
563 1337 698 1420 antiquas
717 1343 813 1400 metas
830 1336 1027 1407 invenissent,
1048 1358 1172 1420 quarum
1189 1356 1276 1400 uuam

76 1446 301 1514 renouassent,
325 1462 385 1527 que
409 1443 595 1526 distingvunt
619 1444 807 1528 possessioni
829 1442 1046 1530 blariatellet)
1072 1451 1197 1514 vocate,
1220 1464 1280 1528 que

77 1551 217 1632 pertinet
232 1551 413 1614 monasterio
430 1552 579 1633 predicto,
598 1573 614 1614 a
631 1551 877 1634 possessionibus
894 1551 1063 1616 Zomordolx
1074 1551 1114 1633 ⁸),
1132 1558 1162 1614 et
1180 1552 1279 1615 Buda-

77 1655 241 1742 tbelket),
258 1677 333 1741 quas
350 1664 446 1722 metas
464 1660 652 1742 supradictas
668 1659 785 1722 nobiles
803 1658 842 1720 de
858 1659 1006 1740 predictis
1028 1659 1226 1731 Zomordocb,
1250 1665 1281 1720 et

80 1764 254 1828 Budatellre
270 1786 359 1829 veras
381 1771 411 1828 et
428 1766 527 1846 justas
549 1768 644 1852 ipsius
666 1767 869 1850 possessionis
892 1766 1087 1830 llariatbelle
1108 1767 1175 1830 iore
1198 1766 1281 1828 adir-

80 1880 228 1936 massent.
264 1873 337 1936 Post
372 1875 429 1938 hec
451 1874 631 1940 transeundo
664 1875 760 1956 ipsam
789 1873 928 1956 paludem
955 1876 1104 1938 Darvasto
1132 1868 1279 1943 vocatam,

81 1981 201 2045 directe
219 1982 375 2045 venientes
391 1983 429 2045 ad
445 2003 532 2046 uuam
548 2002 686 2064 magnam
703 1984 791 2053 viam,
807 2002 867 2065 que
879 1981 1021 2046 videlicet
1036 1983 1081 2046 via
1094 1982 1177 2064 regis
1190 2001 1280 2046 voca-

80 2094 141 2160 tur,
157 2089 189 2150 in
207 2109 264 2174 qua
289 2090 479 2170 procedendo
501 2111 557 2173 per
579 2090 688 2155 bonum
713 2090 843 2172 spatium
858 2110 967 2153 versus
990 2091 1106 2172 plagam
1135 2089 1277 2151 meridio-

79 2197 201 2268 nalem,
225 2197 302 2259 etin
320 2197 378 2259 tine
399 2198 554 2278 cujusdam
577 2197 697 2280 Beregh
715 2198 907 2260 ascendendo
925 2199 1006 2260 circa
1024 2198 1150 2261 eandem
1167 2197 1246 2260 uiam
1262 2217 1279 2259 a

79 2310 171 2387 parte
189 2304 341 2386 superiori
364 2325 451 2368 unam
472 2313 579 2370 metam
605 2305 772 2370 cursualem
796 2306 1008 2376 cumulassent,
1033 2306 1142 2369 deinde
1165 2324 1278 2390 proce-

79 2412 183 2475 dendo
212 2412 242 2472 in
267 2412 373 2475 eodem
401 2413 522 2496 Reregb
546 2414 738 2478 ascendendo
766 2413 914 2496 quendam
942 2420 1072 2476 montem
1099 2412 1277 2475 Faasbalom

76 2523 231 2590 vocatum,
247 2519 320 2581 duas
337 2525 432 2584 metas
449 2522 585 2607 antiquas
602 2521 808 2604 reperissent,
824 2541 948 2606 quarum
965 2541 1051 2584 unam
1069 2523 1278 2590 renovassent,

78 2647 141 2710 que
158 2625 349 2707 distiugvunt
371 2628 450 2690 iuter
472 2626 670 2691 llariathellre
694 2634 724 2688 et
749 2627 937 2690 Budathelke
961 2627 1138 2690 nominatas.
1162 2625 1278 2688 Abhinc

76 2734 210 2818 girando
238 2753 346 2796 versus
377 2739 494 2817 partem
524 2735 700 2799 orientalem
729 2737 759 2796 in
793 2735 901 2798 eodem
930 2734 1051 2816 Beregb
1082 2732 1277 2798 ascendendo

76 2840 240 2927 quemdam
262 2841 455 2906 monticulum
478 2841 581 2906 Halom
598 2846 815 2925 nuncupatum,
839 2850 870 2906 et
892 2842 1003 2905 ibidem
1026 2843 1166 2905 similiter
1189 2859 1277 2905 unam

77 2953 190 3012 metam
218 2946 387 3012 cursualem
415 2949 622 3031 reperissent,
651 2949 761 3013 deinde
786 2948 964 3011 declinando
992 2949 1028 3011 ad
1055 2968 1142 3022 unam
1170 2947 1278 3011 vallem

77 3074 190 3119 versus
207 3056 365 3128 orientem,
385 3056 462 3118 etin
485 3056 590 3120 eadem
613 3054 692 3119 valle
715 3075 731 3118 a
753 3060 840 3138 parte
863 3056 1091 3139 septentrionali
1105 3055 1135 3116 in
1152 3053 1278 3138 quadam

77 3164 207 3248 planitie
234 3167 299 3225 tres
323 3168 417 3226 metas
446 3165 583 3248 antiquas
604 3164 800 3235 invenissent,
822 3183 946 3245 quarum
970 3163 1046 3228 duas
1068 3167 1278 3233 renovassent,

77 3290 139 3355 que
152 3270 339 3350 distingvunt
353 3270 433 3332 inter
448 3271 661 3352 possessiones
678 3269 887 3340 Mariatbelle,
910 3267 993 3349 Gyos
1004 3267 1034 3353 ⁶)
1060 3273 1091 3331 et
1117 3267 1276 3348 Kujantbo.

77 3378 194 3441 lterum
211 3377 329 3440 directe
345 3376 540 3458 procedendo
557 3376 594 3440 ad
611 3377 730 3459 plagam
747 3374 934 3447 orientalem,
957 3376 994 3438 ad
1011 3393 1098 3437 uuam
1113 3375 1202 3448 viam,
1218 3393 1278 3458 que

77 3485 162 3549 vadit
179 3484 218 3548 ad
234 3484 327 3567 Gyos,
343 3503 439 3567 penes
456 3502 544 3566 quam
557 3483 630 3546 duas
648 3486 743 3546 metas
760 3482 942 3546 erexissent.
962 3482 1035 3544 lude
1050 3479 1277 3564 progrediendo

78 3593 163 3656 circa
185 3591 343 3674 quemdam
365 3573 492 3654 rivulum
508 3589 704 3654 Anariosiolxa
726 3595 875 3660 vocatum,
897 3588 1090 3652 ascendendo
1112 3587 1273 3672 quemdam

79 3703 231 3769 montem,
261 3696 359 3760 locum
382 3696 519 3760 Zebedei
545 3699 744 3772 nominatum,
776 3697 806 3759 in
834 3696 922 3777 cujus
948 3697 1065 3759 vertice
1089 3695 1162 3757 duas
1180 3697 1276 3756 metas

80 3807 220 3888 antiquas
236 3805 440 3888 reperissent,
466 3825 590 3889 quarum
612 3825 699 3869 uuam
721 3808 937 3876 renovassent,
960 3805 1036 3866 etin
1055 3802 1160 3865 eodem
1176 3807 1276 3863 monte

112 4125 138 4184 ¹)
157 4123 391 4178 szent-raiuarytelke
407 4122 437 4168 im
455 4123 586 4168 Koloscher
603 4122 688 4167 Comit.

111 4204 139 4265 ¹)
157 4205 295 4250 Marlatelko
311 4202 343 4247 ist
360 4202 425 4248 nicht
441 4203 505 4246 mehr
522 4201 666 4248 verbanden.

112 4284 138 4346 ³)
156 4285 304 4330 Saomordok
319 4281 349 4326 im
366 4285 497 4328 Koloschor
515 4283 599 4328 comit.

111 4365 139 4427 ⁴)
156 4365 284 4410 Budatellre
301 4363 398 4408 abenda.

113 4444 139 4506 ὅ)
156 4445 213 4491 Ilios
232 4444 328 4490 eboude.
