3150 5092
333 357 409 429 202

329 531 456 616 Zyluas,
472 533 566 599 altera
584 553 655 599 vero
677 553 694 597 s
718 533 805 615 plaga
821 533 989 599 occidentis
1005 533 1095 597 terris
1110 532 1349 615 possessionum,
1371 528 1514 595 videlieet

330 640 484 709 Mereatur
502 642 654 707 antedicto
669 646 700 706 et
715 641 964 719 Zentlnbenedul,
979 640 1176 706 abbanialium
1189 640 1361 707 diuiderent
1376 644 1409 703 et
1425 659 1512 723 sepa·

325 756 443 825 renent,
472 749 583 815 dehinc
606 747 789 816 reflectendo
812 749 851 814 ad
872 751 993 835 plagam
1014 750 1250 822 occidentalem,
1273 749 1312 814 de
1328 750 1397 834 ipso
1413 751 1513 811 monte

328 858 551 933 descendendo,
567 862 598 923 et
613 858 644 923 in
660 859 812 925 descensu
828 860 961 923 eiusdem
978 860 1098 934 montis,
1118 879 1204 925 ruam
1220 863 1329 923 metam
1346 858 1510 923 cursualem

328 968 507 1039 erexissent,
528 987 586 1051 qne
608 966 763 1033 scinderet
783 968 863 1033 inter
882 967 1048 1053 predictam
1072 975 1184 1033 terram
1200 966 1405 1052 possessionis
1422 966 1509 1029 Zent·

327 1075 477 1151 benednlr,
493 1077 625 1143 ecclesie
641 1076 729 1143 beate
746 1076 882 1158 virginis,
899 1085 931 1139 et
945 1079 1170 1161 possessionem
1196 1076 1326 1140 Zeleclre
1339 1074 1367 1161 ¹)
1389 1074 1427 1139 ab
1445 1075 1511 1139 hine

327 1185 452 1251 ulterius
468 1182 661 1269 procedendo
677 1185 712 1249 ad
736 1184 860 1249 eandem
884 1185 1002 1271 plagam
1026 1184 1243 1249 occidentalem
1266 1184 1401 1249 saliendo
1418 1204 1511 1267 qnan-

331 1295 398 1361 dam
419 1294 512 1364 niam,
544 1299 574 1359 et
597 1294 629 1357 in
653 1292 743 1357 dorso
766 1293 919 1358 cuiusdam
942 1295 1039 1358 Bereln
1057 1293 1285 1371 descendendo,
1310 1296 1361 1379 qui
1391 1293 1511 1379 quidem

327 1404 425 1469 Berch
441 1405 518 1469 iuter
533 1402 607 1467 duas
623 1401 717 1469 calles
734 1402 862 1467 siluosas
881 1404 1033 1476 existeret,
1048 1422 1134 1467 vnam
1150 1408 1259 1468 metam
1282 1403 1423 1468 similiter
1446 1424 1511 1468 eur-

327 1512 438 1577 sualem
454 1512 533 1575 inter
550 1513 607 1576 iam
623 1511 719 1576 dictas
736 1512 948 1595 possessiones
960 1510 1211 1583 Zenthbenedulr,
1226 1517 1258 1574 et
1272 1511 1405 1577 Zeleelre
1423 1533 1511 1597 sepa·

325 1627 440 1687 nantem
464 1621 502 1686 de
530 1640 606 1685 nouo
628 1620 885 1703 composuissent,
917 1622 1014 1686 adlnne
1037 1620 1187 1705 paululum
1209 1620 1335 1685 ulterius
1352 1623 1383 1685 iu
1407 1622 1511 1686 eodem

328 1730 428 1795 wereh
458 1750 563 1795 uersus
588 1728 713 1793 eandem
737 1727 857 1811 plagam
880 1729 1103 1804 descendendo,
1127 1736 1157 1793 et
1173 1730 1203 1793 iu
1219 1731 1324 1814 ortua)
1349 1728 1400 1818 (l)
1418 1731 1510 1816 ipsius

328 1840 427 1905 Berch
449 1841 528 1903 inter
544 1837 668 1902 arbores
685 1857 771 1901 unam
787 1842 897 1902 metam
917 1839 1065 1923 lapideam
1081 1839 1298 1911 cumulassent,
1324 1839 1436 1905 deinde
1458 1860 1510 1923 per

328 1955 424 2013 ortum
461 1948 557 2033 ipsius
585 1946 682 2013 Bereh
712 1948 831 2013 directe
866 1946 1080 2013 descendendo
1116 1970 1210 2033 snper
1247 1948 1366 2011 flurium
1393 1946 1509 2013 Gorba-

326 2058 451 2143 pathalia
480 2055 675 2129 nominatum,
704 2055 756 2121 uhi
784 2057 813 2119 in
834 2056 1005 2121 nemoribus
1027 2077 1122 2141 prope
1143 2057 1254 2121 dictum
1282 2057 1406 2122 fluuium
1424 2076 1510 2122 uuam

327 2175 434 2233 metam
458 2186 593 2249 magnam
617 2172 747 2233 terream
769 2166 949 2231 inveniendo
966 2172 1185 2239 renovassent,
1217 2186 1275 2250 qne
1303 2167 1412 2231 iterum
1433 2166 1510 2229 inter

327 2281 385 2343 iam
408 2279 504 2343 dictas
529 2278 739 2361 possessiones
764 2273 1011 2348 Zentlsbenedulr,
1028 2279 1059 2339 et
1080 2273 1212 2339 Zeleehe
1234 2274 1442 2357 distingueret,
1460 2273 1511 2338 ab·

326 2388 397 2451 hine
425 2388 540 2453 directe
567 2384 767 2450 descenderet
788 2390 820 2451 et
842 2384 976 2458 caderet,
999 2384 1036 2448 ad
1057 2385 1176 2448 flurium
1192 2384 1374 2449 antedictum
1396 2384 1511 2449 Garbe·

324 2494 463 2582 pathalia,
477 2495 526 2560 ubi
544 2499 830 2559 commetnneeretnr
843 2513 909 2559 cum
920 2494 1113 2577 possessione
1126 2493 1291 2578 episcopali
1304 2493 1471 2557 Zaezfenes
1481 2490 1509 2576 ⁸)

325 2610 449 2677 uocata,
477 2606 527 2689 qui
558 2602 676 2687 quidem
706 2602 821 2668 riuolus
846 2624 901 2668 sev
923 2602 1029 2666 lluuins
1051 2605 1129 2667 inter
1153 2602 1275 2666 easdem
1303 2603 1513 2688 possessiones

328 2710 602 2798 Zenthbenedulrl)
619 2712 751 2778 Zeleehe
767 2734 802 2777 ac
819 2712 985 2777 Zaazfenes
999 2712 1147 2775 metaliter
1163 2712 1364 2794 distingveret
1380 2719 1411 2776 et
1426 2731 1513 2796 sepa·

330 2828 428 2895 reret,
454 2820 562 2886 abhinc
590 2823 765 2887 reflectetnr
791 2842 900 2887 uersus
921 2821 1039 2906 plagam
1060 2821 1332 2905 septemtrionalem
1354 2823 1384 2884 iu
1408 2821 1511 2885 eodem

326 2931 423 2997 riuolo
439 2951 560 3016 semper
575 2932 653 2995 inira
670 2929 831 3003 tendendo,
847 2938 879 2997 et
890 2931 1054 2996 seeundum
1071 2950 1190 2993 cursum
1204 2930 1338 2994 eiusdem
1351 2950 1429 3014 aque
1442 2950 1511 3013 per-

327 3041 445 3107 venitur
472 3040 509 3103 ad
537 3038 685 3123 quoddam
713 3059 817 3103 nemus
838 3038 964 3104 salicum
991 3059 1087 3123 penes
1112 3038 1233 3102 fluuium
1248 3040 1356 3103 Zamus
1373 3041 1511 3109 existens,

325 3147 378 3215 ubi
393 3148 448 3213 sub
466 3152 565 3233 portu,
583 3151 613 3212 et
628 3148 658 3211 in
674 3146 731 3211 line
748 3147 883 3213 eiusdem
905 3150 1037 3213 nemoris
1052 3147 1179 3229 girando
1197 3148 1320 3212 caderet
1339 3148 1372 3210 in
1387 3148 1510 3213 eundem

326 3257 446 3323 fluvium
469 3257 587 3333 Zamns,
610 3255 720 3320 dehinc
736 3257 766 3320 in
783 3256 881 3321 medio
902 3257 960 3321 mm
976 3258 1058 3321 dicte
1073 3276 1149 3341 aqua
1165 3256 1273 3320 Zamus
1286 3262 1393 3322 contra
1409 3256 1510 3321 tluxum

327 3366 461 3431 eiusdem
480 3365 516 3431 ad
540 3366 657 3450 plagam
674 3364 892 3430 occidentalem
914 3366 951 3429 ed
969 3366 1077 3431 bonnm
1094 3367 1229 3449 spacium
1244 3387 1335 3451 supra
1351 3364 1509 3436 tendendo,

326 3494 422 3560 usque
447 3476 616 3559 oppositum
641 3475 794 3539 cuiusdam
821 3475 909 3539 vallis
926 3474 1078 3558 llatarwlg
1094 3477 1242 3541 nominate
1262 3480 1293 3541 et
1304 3473 1347 3539 ibi
1362 3475 1394 3539 in
1411 3476 1509 3540 eadem

327 3604 401 3670 aqua
418 3580 575 3667 sepedicta
592 3584 746 3667 possessio
763 3585 920 3649 ltlonustur
936 3584 1176 3649 convicinaretur
1191 3605 1258 3650 cum
1274 3590 1356 3649 terra
1379 3583 1510 3665 Saesadg

328 3692 437 3758 deinde
453 3693 589 3759 exeundo
606 3694 703 3778 ipsam
719 3714 834 3778 aquam,
847 3692 997 3757 tendendo
1017 3692 1055 3757 ad
1070 3692 1237 3777 predictam
1248 3694 1367 3779 plagam
1380 3700 1508 3779 septem·

326 3800 495 3875 trioualem,
523 3801 672 3887 quoddam
699 3823 804 3869 nemus
830 3801 1069 3887 pertranseundo
1095 3802 1309 3885 pervenissent
1330 3804 1362 3867 in
1385 3804 1507 3867 medium

326 3912 384 3975 iam
400 3911 483 3977 dicte
499 3911 586 3976 uallis
598 3910 761 3996 llatarwlg,
774 3915 807 3977 et
820 3913 852 3975 in
867 3911 964 3976 medio
981 3912 1047 3977 eius
1063 3912 1182 3977 directe
1203 3912 1397 3979 ascendendo
1414 3917 1507 3977 ennon

326 4018 451 4085 eandem
473 4018 591 4103 plagam
619 4041 714 4105 nsque
742 4021 779 4085 ad
801 4021 1002 4086 summitatem
1018 4021 1115 4104 ipsius
1132 4021 1240 4087 montis
1263 4020 1468 4095 deuenissent,
1481 4025 1508 4083 et

361 4343 385 4404 ¹)
403 4345 523 4402 Scelestye
539 4346 569 4390 im
586 4347 699 4393 thordaer
716 4345 800 4392 Gemit.

360 4423 385 4484 ¹)
403 4426 435 4471 0r
452 4427 513 4472 ohne
530 4428 576 4473 alle
592 4427 752 4474 inbreviatum

361 4502 386 4564 ⁸)
405 4501 472 4551 Salen
488 4509 561 4554 Fauen
577 4509 608 4553 im
623 4509 751 4555 kolaseher
767 4510 851 4556 comit.

361 4583 386 4646 ⁴)
403 4587 580 4637 Suenthenedek
596 4604 644 4637 war
661 4591 771 4639 demnaeln
787 4593 818 4637 im
834 4593 1022 4655 klsusenbnrger
1038 4592 1123 4640 comit.
