3150 5092
622 374 724 445 62

614 547 765 629 ipsis
800 544 915 609 alia
961 563 1105 608 vero
1153 544 1230 606 de
1262 542 1599 607 hominibus
1633 544 1938 609 extraneis
1977 544 2245 607 waiuoda
2294 544 2581 606 discutiet
2628 545 2691 606 et
2736 541 3015 605 definiet.

616 652 744 716 Nec
797 654 932 716 vice
978 650 1164 731 judex
1209 651 1479 714 eiusdem
1528 651 1800 714 waiuode
1850 671 1956 714 eos
2012 651 2075 714 in
2119 650 2316 736 aliquo
2374 650 2594 713 debeat
2632 650 2727 713 vel
2787 651 3017 713 audeat

607 759 904 841 judicare.
955 758 1247 822 Preterea
1280 760 1697 821 concessimus
1731 759 1992 831 eisdem,
2040 763 2105 820 ut
2142 757 2361 820 nullam
2405 758 2722 821 collectam
2759 755 3015 820 soluere

502 952 509 959 .
612 872 952 931 teneantur.
999 867 1144 928 Item
1183 866 1600 929 concessimus
1644 865 1897 940 eisdem,
1948 871 2130 948 atque
2176 866 2511 936 statuimuS,
2548 869 2611 927 ut
2658 864 3013 927 nullatenus

612 975 890 1039 waiuoda
913 972 1166 1058 quilibet
1197 993 1306 1055 pro
1330 982 1602 1055 tempore
1634 973 2017 1043 constitutuS,
2046 993 2232 1054 super
2257 992 2363 1035 eos
2398 971 2760 1034 descensum
2798 974 3013 1037 facere

612 1089 941 1166 presumat,
977 1087 1241 1144 nostram
1275 1085 1471 1143 autem
1513 1101 1852 1163 personam,
1889 1084 2092 1164 vtpote
2137 1081 2366 1160 regiam
2413 1098 2548 1142 cum
2593 1078 2755 1142 omni
2792 1077 3009 1145 debito

611 1195 675 1252 et
736 1190 1005 1260 honore,
1069 1188 1224 1251 sicut
1273 1188 1451 1251 decet
1495 1207 1627 1250 cum
1672 1187 1816 1250 illud
1872 1187 2346 1259 accesserimus,
2405 1207 2540 1250 cum
2586 1185 2711 1248 suis
2758 1185 3008 1249 deliciis

613 1296 1012 1360 honorabunt.
1047 1297 1332 1359 Preterea
1364 1295 1705 1366 statuimus,
1738 1301 1803 1358 ut
1833 1295 2014 1357 iidem
2058 1295 2333 1378 hospites
2370 1313 2502 1357 cum
2536 1297 2796 1376 quatuor
2842 1293 3008 1354 mili-

609 1404 772 1468 tibus
820 1402 1092 1465 loricatis
1149 1402 1305 1467 bene
1359 1404 1698 1486 preparatis
1754 1422 1825 1465 ac
1874 1402 2163 1465 (lecenter
2203 1403 2508 1473 hornatis,
2560 1420 2696 1464 cum
2746 1401 3006 1464 totidem

613 1516 781 1596 equis
837 1512 987 1573 satis
1050 1511 1322 1574 honestis
1389 1513 1450 1572 et
1504 1510 1772 1594 copertis
1818 1529 1889 1574 ac
1938 1509 2173 1573 duobus
2220 1508 2561 1590 temptoriis
2612 1507 2727 1570 sub
2792 1513 3007 1570 nostro

617 1618 831 1681 vexillo
888 1618 1148 1680 militare
1202 1621 1540 1688 teneantur,
1599 1622 1661 1680 et
1707 1637 1840 1680 cum
1874 1616 2097 1680 nostris
2130 1615 2420 1679 militibus
2454 1634 2572 1678 non
2605 1615 2669 1678 in
2702 1616 3007 1679 societate

609 1764 697 1772 —
725 1728 1006 1788 baronum
1040 1731 1376 1787 nostrorum
1401 1724 1784 1787 descendere
1808 1730 2123 1787 teneantur
2157 1725 2429 1795 Terram,
2457 1726 2675 1794 autem,
2710 1741 2892 1806 quam
2929 1743 3003 1785 ex

609 1835 928 1896 donatione
962 1837 1414 1896 antecessorum
1441 1838 1778 1896 nostrorum
1812 1831 2239 1913 possiderunt,
2296 1831 2408 1894 sub
2459 1829 2691 1894 eisdem
2720 1831 2905 1892 metis
2944 1834 3005 1892 et

609 1942 896 2012 terminis,
949 1939 1167 2022 quibus
1223 1939 1297 2001 ab
1346 1939 1590 2021 antiquo
1634 1943 1977 2009 tenuerunt,
2022 1958 2175 2021 pace
2210 1942 2502 2020 perpetua
2536 1937 2771 2001 eisdem
2807 1938 2999 1999 relin—

609 2052 839 2132 quimus
898 2047 1344 2131 possidendam.
1417 2046 1545 2110 Nec
1594 2047 1770 2110 etiam
1820 2046 1897 2109 de
1949 2047 2121 2117 vino,
2168 2044 2326 2130 quod
2373 2045 2450 2107 de
2498 2045 2761 2128 propriis
2796 2046 2996 2107 vineis

609 2176 811 2220 eurum
860 2156 1012 2218 iufra
1071 2160 1258 2217 metas
1313 2160 1478 2217 terre
1534 2171 1741 2216 eorum
1792 2154 1969 2216 cultis
2019 2154 2204 2216 fuerit
2247 2152 2705 2224 vindemiatum,
2762 2151 2999 2214 tributa

609 2263 968 2348 persolvant.
1025 2262 1220 2326 Prima
1270 2266 1466 2325 autem
1511 2266 1671 2324 meta
1713 2266 1879 2324 terre
1945 2260 2283 2331 antedicte,
2351 2259 2508 2322 sicut
2551 2280 2623 2321 ex
2668 2258 2868 2321 literis
2905 2295 2996 2305 —

609 2380 966 2441 nostrorum,
1002 2391 1151 2453 quos
1175 2369 1249 2432 ad
1278 2378 1482 2452 partes
1510 2368 1965 2451 Ultrasyluanas
1992 2367 2066 2430 ad
2092 2368 2459 2433 restituenda
2485 2366 2623 2446 jura
2655 2370 2997 2429 castrorum

605 2478 870 2541 indebite
917 2478 1172 2541 alienata
1220 2477 1772 2546 destinaueramus,
1825 2476 2227 2556 precipimus,
2282 2475 2495 2557 incipit
2545 2492 2733 2555 super
2768 2472 2995 2536 collem

605 2592 860 2656 acutum,
896 2590 958 2648 et
987 2590 1156 2648 tenet
1190 2590 1402 2647 metam
1448 2603 1583 2646 cum
1629 2582 1868 2665 populis
1924 2582 2000 2644 de
2031 2581 2172 2646 villa
2206 2581 2386 2652 Sard,
2430 2580 2651 2644 deinde
2684 2581 2993 2648 transiens

605 2716 713 2776 per
745 2693 986 2755 fluvium
1023 2692 1208 2764 Sard,
1242 2691 1403 2754 vadit
1437 2690 1508 2752 ad
1543 2710 1817 2770 magnam
1854 2692 2033 2765 viam,
2095 2697 2157 2752 et
2197 2688 2280 2752 ibi
2312 2694 2481 2753 tenet
2513 2695 2729 2751 metam
2766 2710 2842 2752 ex
2875 2709 2993 2751 una

601 2808 774 2884 parte
808 2819 944 2862 cum
987 2799 1128 2863 villa
1186 2799 1394 2861 Sancti
1436 2797 1708 2867 Martini,
1769 2797 1843 2860 ab
1897 2798 2007 2859 alia
2054 2817 2197 2859 vero
2244 2804 2415 2879 parte
2450 2817 2582 2860 cum
2630 2796 2875 2878 populis
2912 2795 2992 2858 de

601 2908 733 2968 villa
754 2906 1012 2969 chhad
1038 2904 1111 2990 ¹),
1147 2899 1800 2986 exinde'pertransiens
1833 2904 2073 2967 fluvium
2099 2903 2365 2975 Buchad,
2403 2904 2566 2966 vadit
2597 2904 2672 2967 ad
2700 2885 2992 2976 montem,

601 3016 701 3096 qui
750 3014 969 3077 dicitur
1003 3012 1247 3083 Akazto,
1284 3011 1382 3074 ubi
1431 3017 1597 3073 tenet
1629 3016 1844 3073 metam
1887 3031 2019 3073 cum
2066 3011 2247 3074 dictis
2297 3009 2538 3094 populis
2574 3010 2651 3072 de
2698 3010 2991 3080 chhad,

601 3120 820 3184 abhinc
854 3121 1017 3184 vadit
1048 3140 1231 3200 super
1264 3120 1498 3180 vineam
1534 3117 1744 3189 Crasu,
1781 3117 1999 3180 exinde
2032 3118 2431 3200 progrediens
2464 3117 2655 3180 tendit
2701 3118 2770 3180 ad
2804 3126 2992 3200 caput

597 3268 689 3276 —
733 3263 808 3276 --
846 3227 1126 3298 fluminiS,
1161 3226 1317 3308 quod
1355 3225 1575 3288 dicitur
1609 3225 1838 3306 Chylna
1858 3225 1939 3309 ²),
1980 3225 2078 3287 ubi
2112 3225 2294 3288 habet
2326 3231 2539 3286 metam
2573 3243 2707 3287 cum
2738 3224 2987 3308 populis

605 3336 678 3396 de
713 3334 974 3398 chhad
1007 3335 1213 3417 sepius
1245 3332 1605 3395 memoratis.
1656 3331 1890 3394 Deinde
1923 3334 2284 3414 procedenS,
2330 3338 2545 3395 tenens
2581 3337 2799 3394 metam
2846 3353 2985 3394 cum

597 3442 844 3505 Chanad
894 3443 1114 3508 comite
1162 3439 1282 3502 filio
1325 3440 1492 3510 Bosa,
1535 3459 1717 3521 super
1766 3440 2042 3521 lapidem,
2082 3441 2180 3523 qui
2219 3439 2442 3502 dicitur
2465 3438 2632 3507 Bela,
2667 3444 2731 3501 et
2762 3439 2983 3501 abhinc

601 3549 896 3632 incipiens
946 3568 1123 3611 secus
1166 3547 1406 3610 fluvium
1453 3547 1627 3629 Tiry,
1682 3547 1845 3610 vadit
1891 3567 2077 3631 usque
2109 3546 2182 3609 ad
2221 3546 2418 3608 villam
2456 3545 2729 3629 Voyasd,
2787 3552 2849 3608 et
2895 3545 2979 3608 ibi

597 3660 779 3720 hahet
813 3663 1025 3720 metam
1061 3676 1196 3719 cum
1230 3656 1441 3717 eadem
1467 3654 1609 3716 villa
1636 3673 1709 3716 ex
1740 3654 1881 3717 hinc
1918 3655 2076 3716 vadit
2103 3654 2175 3717 ad
2202 3657 2481 3724 montem,
2506 3656 2607 3736 qui
2632 3655 2883 3736 respicit
2906 3654 2982 3716 ad

593 3767 922 3836 Mul-isium,
958 3769 1020 3826 et
1061 3763 1146 3826 ibi
1181 3762 1365 3825 habet
1395 3768 1613 3824 metam
1647 3781 1778 3824 cum
1814 3761 1993 3824 Petro
2026 3760 2317 3843 Bylocho.
2364 3761 2595 3824 Deinde
2637 3763 2983 3843 procedens

601 3872 762 3936 radit
799 3872 870 3935 ad
922 3869 1118 3934 villam
1152 3869 1362 3932 Sancti
1395 3867 1655 3937 Martini,
1694 3874 1758 3930 et
1794 3874 1962 3935 tenet
2008 3873 2223 3931 metam
2270 3889 2402 3932 cum
2436 3869 2674 3951 populis
2707 3869 2984 3950 ejusdem

597 3980 733 4044 ville
767 3987 828 4042 et
852 3979 1069 4042 abhinc
1092 3977 1346 4040 tendens
1382 3977 1659 4058 superius
1691 3997 1903 4039 versus
1938 3976 2163 4060 sylvam
2196 3996 2381 4057 super
2409 3975 2629 4046 Berch,
2673 3977 2776 4060 qui
2825 3976 2985 4038 dici-

593 4096 689 4152 tur
721 4086 1031 4161 thodol,
1067 4085 1233 4148 vadit
1265 4103 1452 4165 super
1492 4084 1798 4163 geminum
1830 4093 2111 4154 montem,
2160 4087 2221 4146 et
2251 4083 2337 4145 ibi
2371 4083 2555 4145 habet
2586 4089 2809 4146 metam
2843 4103 2979 4145 cum

593 4194 995 4280 supranotatis
1041 4193 1279 4275 populis
1324 4192 1400 4254 de
1433 4190 1718 4287 ch'had,
1762 4212 1835 4254 ex
1868 4191 2007 4254 hinc
2046 4192 2385 4273 procedens
2432 4211 2646 4253 versus
2680 4189 2979 4275 quendam

637 4460 681 4516 Ι]
717 4464 862 4507 Borus
884 4459 1095 4507 Boesard
1114 4460 1174 4504 im
1199 4459 1439 4505 Unteralb.
1465 4458 1635 4502 Comit.

634 4544 681 4600 Ξ]
721 4537 908 4596 melna,
933 4542 1048 4587 ibid.

3048 0 3145 392 l
