3150 5092
1216 336 1290 406 tva

14 522 23 589 2,
113 526 231 571 suorum
255 506 390 571 ordinum
413 508 597 573 exeoucionc
618 527 775 594 22222222.
801 507 962 591 imponetis
978 510 1007 573 ei
1023 528 1078 592 pro
1096 507 1183 593 vulpe
1205 510 1291 573 modo

112 616 312 698 penitenciam
329 621 557 701 competentem.
582 617 686 689 Datum
704 616 830 700 Sargon.
852 613 900 678 die
916 615 979 698 xiiij
995 618 1105 681 mensis
1124 616 1291 683 Februarii.

15 752 22 797 2
111 725 192 788 Auno
211 723 322 789 domini
337 723 582 793 MCCLXXXXII.

607 892 798 963 CLXXXlll.

576 1031 655 1090 2222,
677 1031 722 1086 22.
748 1007 827 1084 man.

198 1138 331 1204 Andreas
354 1139 409 1203 Dei
431 1139 527 1223 gratia
548 1140 707 1223 Hungarie,
724 1139 923 1223 Bulgarieque
938 1158 1001 1210 rex,
1025 1139 1160 1204 omuibus
1178 1139 1290 1204 01221211

105 1245 247 1312 fidelibus
268 1269 393 1334 presens
420 1251 563 1334 scriptum
583 1248 763 1334 inspecturis
785 1248 910 1312 salutem
931 1247 961 1310 in
983 1249 1111 1312 omnium
1133 1248 1291 1312 salvatore.

16 1347 18 1387 ³
107 1355 149 1420 Ad
167 1358 374 1421 universorum
389 1362 449 1420 tam
464 1358 753 1442 presentium‚quam
769 1357 936 1420 futurorum
948 1357 1083 1420 notitiam
1094 1357 1198 1421 barum
1210 1357 1290 1421 22212

16 1501 18 1554 3
106 1463 244 1528 volumus
261 1466 433 1549 pervenire.
458 1465 542 1548 Quod
567 1485 667 1529 comes
686 1465 858 1549 1122212122,
877 1462 955 1528 tillus
971 1463 1097 1529 Dionisii
1112 1466 1236 1548 palatini
1253 1464 1291 1529 ad

104 1579 240 1638 nostram
262 1574 411 1640 accedens
435 1577 619 1659 presentiam
642 1575 773 1639 exhibuit
796 1574 883 1638 nobis
899 1567 1036 1658 patentes
1051 1576 1157 1638 literas
1173 1579 1290 1637 nostras

10 1697 17 1737 .1
103 1702 198 1766 super
221 1683 381 1747 collatione
403 1684 557 1748 cuiusdam
574 1683 776 1767 possessionis
797 1683 887 1746 castri
916 1682 1045 1755 Snonulr,
1062 1685 1170 1771 Lupus
1184 1689 1291 1747 vocate

16 1839 17 1869 3
105 1792 274 1863 confectas,
291 1798 397 1876 221222
421 1790 544 1855 anobis
567 1811 632 1855 cum
656 1791 810 1864 instantia,
828 1796 861 1854 ut
884 1791 1003 1854 easdem
1026 1797 1105 1856 ratas
1121 1792 1244 1864 babere,
1261 1798 1292 1855 et

102 1906 209 1964 nostro
222 1899 381 1983 privilegio
394 1900 569 1964 confirmare
583 1899 785 1982 dignaremur.
799 1898 927 1982 Quarum
940 1903 1027 1963 tenor
1038 1898 1106 1964 talis
1117 1906 1164 1965 et:
1190 1899 1294 1986 (siche

11 1982 19 2098 Q?
101 2007 180 2073 22.
197 2029 265 2072 vom
282 2008 334 2072 22.
351 2007 432 2073 222
447 2008 545 2082 2222,
565 2007 619 2070 m.
637 2005 810 2094 onxvm).

16 2117 17 2208 j
195 2117 258 2180 Nos
280 2117 373 2200 igitur
397 2116 621 2182 considerantes
643 2115 815 2187 fidelitates,
837 2122 868 2180 21
887 2117 1016 2199 gratuita
1047 2137 1082 2182 22
1105 2116 1286 2203 obsequiosa

11 2249 21 2298 ς·
100 2228 229 2292 22221112
256 2227 326 2291 dicti
354 2227 470 2291 comitis
488 2226 624 2310 llyonisii
651 2225 747 2291 tidelis
771 2227 876 2299 nostri,
902 2247 959 2312 que
979 2226 1059 2289 idem
1081 2226 1166 2289 nobis
1189 2227 1288 2292 divino

10 2386 17 2395 ,
101 2356 231 2401 munere
249 2337 278 2399 in
295 2337 381 2418 regni
395 2336 499 2400 solium
514 2343 550 2399 21
561 2334 795 2417 gubernaculum
812 2335 1044 2401 succedentibus
1056 2335 1126 2416 jure
1147 2342 1176 2399 et
1188 2336 1292 2400 ordine
1323 2362 1326 2369 ’

10 2417 18 2535 ἴ
100 2446 256 2528 geniture,
283 2445 313 2507 in
341 2445 476 2508 omnibns
500 2444 737 2530 expeditionibus
766 2446 852 2526 regni
880 2443 975 2508 nostri
1003 2449 1063 2507 tam
1089 2443 1290 2525 generalibus,

11 2535 19 2632 ‚s
102 2575 195 2640 quam
213 2553 444 2637 particularibus
462 2573 527 2617 cum
545 2573 685 2636 supremo
703 2573 796 2637 opere
811 2553 952 2616 virtutum
969 2553 1102 2616 exhibuit
1123 2553 1286 2624 1221212222,

10 2644 19 2737 ᾎ,
102 2668 135 2726 21
151 2665 278 2726 maxime
294 2663 473 2726 accedentes
490 2663 632 2747 specialia
651 2663 771 2726 servitia
789 2662 924 2745 ejusdem
942 2663 1060 2727 comitis
1076 2663 1213 2734 Dionisii,
1230 2681 1288 2746 que

11 2753 16 2834 J¹
99 2774 131 2836 in
150 2772 285 2836 exercitu
302 2777 414 2846 nostro,
428 2792 515 2858 quem
533 2777 635 2836 contra
652 2772 801 2836 dominum
818 2772 971 2837 Albertnm
988 2771 1093 2836 ducem
1112 2771 1241 2842 21221212,
1258 2776 1288 2833 21

102 2880 211 2963 styrie
238 2885 310 2943 1222
331 2881 474 2964 12222212
503 2887 636 2945 nostrum
659 2885 689 2945 21
712 2882 799 2962 regni
822 2882 917 2944 nostri
944 2879 1101 2964 capitalem
1118 2881 1234 2943 bostem
1257 2884 1288 2942 21

13 2977 15 3040 j
99 2988 258 3052 inimicum
274 3008 330 3071 pro
346 2989 501 3074 pulsandis
517 2989 642 3071 injuriis,
659 3009 714 3073 per
729 2987 826 3072 ipsum
843 2989 947 3052 ducem
964 3009 1057 3070 regno
1075 2992 1176 3052 nostro
1198 2987 1288 3050 illatis

12 3106 13 3111 ’
100 3117 302 3170 moveramus,
321 3118 386 3162 cum
402 3099 547 3161 effusione
564 3099 610 3161 sui
628 3099 789 3180 sangvinis,
803 3103 833 3161 21
843 3118 962 3162 suorum
978 3118 1037 3161 uon
1053 3097 1227 3169 formidans,
1244 3117 1288 3170 22,

102 3210 136 3270 21
160 3226 215 3269 222
233 3206 352 3270 casibus
375 3206 552 3272 submittere
576 3209 695 3272 fortune
712 3207 845 3271 exhibuit
859 3206 997 3281 fideliter,
1015 3214 1045 3270 21
1061 3207 1178 3270 devote.
1202 3205 1290 3269 Licet

10 3383 11 3412 ,
100 3315 185 3380 idem
208 3335 310 3380 comes
327 3316 487 3401 Dyonisius
511 3336 565 3399 pro
587 3317 782 3388 12121122112
799 3317 931 3380 servitiis
948 3316 1010 3380 suis
1029 3313 1134 3397 majori
1150 3335 1290 3378 remune-

11 3476 13 3516 2
100 3425 229 3496 ratione,
252 3424 290 3488 do
312 3425 397 3506 regia
419 3426 574 3507 majestate
588 3426 696 3496 1212221
714 3425 917 3490 confovendus
934 3425 963 3489 in
979 3425 1288 3509 recompensationem
1412 3507 1415 3514 =

10 3521 12 3586 l
100 3533 294 3597 servitiorum
311 3533 447 3615 ejusdcm
463 3532 631 3616 aliqualem,
647 3535 840 3618 petitionibus
856 3533 990 3608 inclinati
1005 3533 1090 3616 regio
1104 3552 1169 3598 oum
1186 3531 1288 3596 favore

11 3632 12 3708 ζ
100 3640 259 3728 2222112122
276 3647 414 3726 22122122
431 3643 533 3705 literas
546 3647 662 3733 nostras
679 3642 871 3707 advertentes
894 3664 964 3706 2222
987 3660 1044 3704 222
1068 3641 1206 3717 abrasas,
1229 3661 1288 3705 non

11 3771 12 3826 ξ
102 3749 297 3823 22222112122,
313 3772 371 3815 222
387 3751 416 3814 12
434 3752 532 3836 aliqua
550 3753 593 3815 221
611 3755 696 3837 22212
712 3751 846 3824 21212122,
863 3756 942 3815 22122
959 3750 1114 3823 babentes,
1132 3755 1163 3814 et
1178 3770 1290 3833 22222-

11 3841 12 3909 ἷ
99 3864 191 3931 tatas,
220 3858 257 3922 de
284 3859 378 3923 verbo
407 3859 445 3950 ad
471 3858 594 3923 verbum
616 3859 808 3944 presentibus
830 3860 975 3931 insertas,
1004 3858 1169 3941 patrocinio
1191 3855 1287 3920 222121

11 3995 12 4020 ³
102 3967 258 4052 privilegii
275 3969 410 4033 duximus
424 3969 648 4033 confirmandas.
666 3969 698 4032 ln
711 3968 796 4050 cujus
811 3968 856 4032 rei
869 3970 1039 4032 memoriam
1056 3972 1289 4052 perpetuamque

101 4077 272 4141 firmitatem
288 4083 446 4162 presentes
463 4078 665 4141 concessimus
688 4077 793 4141 literas
817 4077 944 4161 duplicis
961 4076 1052 4158 sigilli
1077 4077 1173 4138 nostri
1189 4076 1286 4137 muni·

11 4177 12 4262 l
100 4188 183 4250 mine
205 4187 372 4251 roboratas.
402 4187 507 4250 Datum
530 4208 585 4271 per
606 4207 709 4250 manus
733 4185 855 4250 discreti
886 4187 942 4250 viri
973 4185 1125 4249 Theodori
1146 4185 1286 4249 Albensis

101 4297 236 4362 ecclesie
259 4297 414 4385 prepositi.
446 4295 520 4360 Aule
542 4301 646 4359 nostre
668 4295 840 4360 cancellarii
865 4294 986 4366 dilecti,
1010 4298 1042 4358 et
1065 4292 1162 4357 tidelis
1184 4292 1287 4357 nostri.

99 4407 186 4470 Auno
204 4405 315 4470 domini
331 4403 490 4470 1110011011
507 4409 592 4469 sexto
616 4403 755 4470 calendas
782 4403 910 4490 Aprilis,
933 4402 1096 4468 indictione
1126 4400 1171 4466 V¹.
1200 4400 1288 4483 regui

100 4522 202 4581 autem
219 4517 316 4580 nostri
330 4535 406 4580 anno
425 4514 566 4583 secundo.

1016 4620 1073 4673 12*
