3150 5092
14 1138 20 1187 l

15 1200 19 1229 r

15 1242 19 1289 l

12 1294 19 1376 l

11 1382 20 1515 l

14 1519 19 1587 l

1188 347 1262 418 163

174 521 235 584 nrt.
260 521 313 586 32.
336 523 424 588 ltern:
446 524 661 593 concessimus,
683 523 770 607 quod,
795 524 906 607 siquis
922 521 1073 594 nobilium,
1090 521 1265 586 siueSaxo·

87 648 154 690 num
171 629 384 712 predictorum,
402 634 466 696 sine
482 631 597 695 herede
613 632 788 706 decesserit,
805 633 1015 715 possessiones
1031 631 1074 694 sic
1090 630 1265 695 decedentis

86 735 283 811 hereditarie,
307 741 430 811 emtitie,
452 749 482 804 et
504 743 594 805 etiam
620 744 745 824 aquisite
761 743 929 807 nullatenus
947 740 1076 804 debeant
1099 738 1264 809 confiscari.

86 845 147 908 Sed
174 846 253 910 idem
278 847 430 912 decedens
452 851 626 935 propinquis
655 851 727 924 suis,
760 857 810 914 aut
831 851 920 914 alicui
941 848 1185 933 propinquorum,
1212 866 1264 909 seu

84 955 178 1026 uxori,
196 955 243 1018 nol
260 957 348 1020 etiam
366 958 514 1030 ecelesiis,
524 979 584 1041 ‚pro
600 959 735 1024 remedio
752 962 849 1023 anime
864 979 929 1030 sue,
945 958 1047 1040 legere
1062 957 1094 1020 in
1112 962 1218 1027 morte,
1235 961 1267 1018 et

85 1063 226 1126 conferre
243 1064 273 1128 in
289 1067 358 1137 vita,
376 1069 543 1150 cuicunque
557 1067 695 1140 noluerit,
711 1069 836 1132 liberam
851 1067 960 1130 babeat
974 1064 1152 1128 facultatem.

174 1174 239 1235 Art.
259 1173 311 1236 33.
334 1173 422 1238 ltcm:
446 1175 473 1238 si
494 1177 543 1260 qui
560 1177 692 1249 nobiles,
714 1183 764 1242 aut
783 1176 850 1246 alii,
866 1180 1043 1239 nocumenta
1055 1174 1224 1249 intulerint,
1240 1176 1267 1237 si

86 1281 300 1344 exclamantia
325 1284 411 1366 regia
433 1304 559 1367 parcere
581 1287 718 1367 personis
747 1305 849 1348 eorum
869 1289 1014 1367 oporteat,
1032 1283 1079 1346 rel
1093 1281 1264 1353 debeamus,

82 1389 309 1474 querulantibus
325 1396 423 1454 tamen
440 1393 580 1456 iustitiam
598 1393 794 1460 omnimodam
811 1392 964 1456 faciemus.

175 1500 237 1562 Art.
256 1497 309 1563 34.
334 1499 426 1566 ltem:
454 1503 548 1587 siquis
571 1502 791 1566 malefactorum
816 1522 914 1566 coram
941 1501 1039 1584 aliquo
1068 1499 1167 1563 iudice
1192 1519 1265 1564 cou-

10 1644 18 1675 r
86 1609 183 1672 uictus
201 1610 361 1692 aufugerit,
375 1611 541 1675 nullatenus
555 1612 650 1695 ipsum
667 1613 921 1695 recipiemus,nec
937 1610 1024 1670 ctiam
1037 1608 1267 1674 defensabimus.

10 1682 18 1911 l

85 1717 124 1780 Et
139 1717 281 1781 similiter
296 1739 353 1802 per
369 1717 496 1782 barones
513 1721 658 1792 nolumus,
675 1741 731 1784 nec
746 1721 895 1804 patiemur
911 1718 1072 1782 defensari.

177 1828 240 1889 Art.
267 1828 318 1892 35.
348 1829 508 1902 Preterea,
530 1830 556 1892 si
580 1828 670 1914 aliqui
694 1851 729 1892 ex
751 1829 827 1912 ipsis
847 1826 1014 1910 regnicolis
1036 1828 1147 1890 nostris
1171 1827 1198 1889 vi
1220 1825 1267 1891 vel

11 1970 17 2017 .:
85 1938 174 2007 metu,
199 1938 411 2016 possessiones
434 1959 505 2002 suas
527 1939 734 2010 vendiderunt,
751 1944 875 2003 autnon
890 1935 1056 2000 rendentes
1071 1936 1268 1999 instrumenta

14 2039 17 2067 ¹
85 2043 270 2107 venditionis
287 2053 390 2110 contra
407 2067 441 2110 se
457 2047 685 2131 prepotentibus
701 2047 811 2111 confini
827 2045 945 2110 cobacti
961 2045 1097 2108 fuerunt:
1122 2044 1149 2106 si
1165 2043 1269 2107 buius-

84 2151 167 2215 modi
183 2153 326 2218 violentia
342 2157 408 2219 siue
423 2164 531 2228 metus,
542 2156 675 2236 legitime
691 2163 723 2219 et
738 2154 954 2220 rationabiliter
969 2152 1149 2225 constiterit,
1159 2152 1270 2216 instru-

10 2322 11 2325 ,
86 2265 188 2324 menta
210 2261 312 2326 taliter
335 2266 483 2336 contecta,
507 2266 566 2330 sint
582 2264 694 2328 uiribus
707 2268 841 2332 rasitata,
858 2270 887 2326 et
903 2262 1021 2347 penitus
1037 2261 1089 2326 red
1105 2298 1148 2310 —-
1165 2297 1208 2309 —
1224 2297 1269 2308 -

177 2369 242 2434 Art.
252 2371 400 2435 andren:
415 2373 446 2434 in
458 2373 666 2455 possessiones
683 2372 834 2442 nobilium,
843 2391 899 2435 seu
906 2370 1053 2434 Saxonum
1066 2370 1269 2453 predictorum

12 2454 18 2575 ξ
86 2497 149 2542 non
164 2481 263 2561 possit
280 2480 404 2546 introire
422 2486 580 2545 extraneus
599 2482 716 2544 ratione
731 2480 819 2556 dotis,
836 2485 888 2543 aut
902 2479 1018 2542 ratione
1032 2485 1138 2562 quarte
1155 2477 1272 2542 filiabus

12 2650 15 2671 f
85 2584 201 2650 debite.
219 2587 281 2652 Sed
295 2589 423 2654 heredes
436 2591 656 2662 decedentium,
669 2589 716 2653 vel
734 2589 927 2673 proximiores
943 2587 981 2650 dc
997 2588 1191 2669 generatione
1207 2607 1271 2658 sua,

12 2701 15 2749 t
90 2695 244 2762 redimant
260 2717 311 2762 eas
328 2699 491 2764 secundnm
508 2699 725 2763 extimationem
741 2699 861 2771 iustam,
875 2697 962 2780 regni
979 2697 1073 2760 nostri
1088 2700 1269 2760 consuetam.

180 2806 243 2868 Art.
262 2807 314 2871 37.
338 2807 429 2873 ltem:
453 2828 552 2873 comes
577 2807 757 2891 parochialis
776 2844 817 2854 —
835 2805 981 2885 -regui
999 2805 1092 2867 nostri
1120 2805 1156 2868 ad
1180 2825 1272 2888 prea-

11 2876 16 2924 t
88 2913 189 2977 dictos
200 2913 694 3002 SaxonesTransyluanos,nonuisi
710 2918 740 2980 in
754 2914 854 2979 tribus
868 2913 1013 2985 articulis,
1021 2913 1178 2978 videlicet:
1193 2913 1271 2976 torto

10 3178 15 3211 r

10 3264 14 3318 l

87 3023 138 3088 rel
155 3022 322 3096 latrocinio,
345 3025 428 3090 facto
439 3027 632 3101 decimarum,
650 3046 685 3088 ac
700 3030 895 3094 monetarum,
911 3021 1021 3086 debeat
1037 3021 1181 3086 iudicare.

181 3131 244 3196 Art.
263 3133 316 3198 38.
339 3135 428 3206 ltem,
453 3134 478 3198 si
500 3135 606 3218 aliquis
623 3135 766 3216 ipsorum,
783 3154 839 3216 per
861 3131 1000 3196 comitem
1019 3129 1220 3213 parochialem
1237 3148 1272 3192 se

88 3242 226 3310 senserit
242 3249 447 3325 aggrauatum,
464 3245 559 3326 ipsam
577 3263 695 3306 causam
712 3247 848 3312 reuocet,
873 3248 905 3304 et
919 3241 1045 3303 reducat
1059 3239 1154 3303 nostri
1169 3234 1273 3301 iudicii

87 3347 307 3412 m*——

182 3461 246 3522 Art.
272 3459 324 3522 39.
349 3497 393 3506 -
414 3497 456 3508 --
482 3495 525 3510 ·-
548 3481 614 3524 cum
641 3465 759 3524 centum
786 3456 971 3528 hominibus,
998 3458 1074 3522 iutra
1102 3453 1149 3518 rel
1182 3473 1273 3537 supra

11 3573 12 3624 l
87 3568 266 3640 iurauerint,
281 3571 398 3633 nonnisi
411 3568 608 3654 quadraginta
621 3567 759 3632 denarios
771 3566 957 3649 purgationis
971 3563 1090 3628 soluere
1105 3568 1272 3626 teneantur.

184 3680 247 3741 Art.
263 3677 317 3742 40.
341 3678 430 3752 item:
455 3680 480 3741 si
503 3681 569 3764 quis
587 3676 727 3740 nobilium
751 3675 800 3740 vel
823 3675 971 3738 Saxonum
991 3675 1173 3757 prefatorum
1202 3690 1275 3754 pos-

91 3788 250 3852 sessiones
273 3808 353 3860 suas,
377 3808 433 3872 pro
454 3788 517 3851 suis
541 3785 715 3852 excessibus
737 3790 768 3848 et
791 3783 944 3847 maleficiis
972 3783 1139 3847 ammittere
1154 3778 1274 3850 debeat,

90 3898 140 3963 rel
163 3896 330 3976 contingat,
359 3898 479 3979 cognati
503 3896 563 3970 sui,
591 3915 627 3960 ae
651 3892 810 3977 propinqui
832 3891 1052 3976 possessiouem
1076 3890 1170 3972 ipsam
1192 3887 1276 3952 redi·

11 4051 12 4054 =
93 4005 196 4072 mendi
217 4003 346 4070 babeant
365 4003 547 4070 facultatem.
571 4002 617 4067 Ne
647 4003 677 4066 in
700 4000 943 4086 possessionibus
966 3998 1112 4083 propriis,
1135 4001 1167 4059 et
1188 3995 1275 4062 auitis

11 4107 12 4118 ἶ
92 4123 268 4183 extraneum
282 4113 403 4178 doleant
416 4133 635 4198 possessorem.

185 4225 248 4286 Art.
271 4222 325 4288 41.
348 4224 434 4288 ltem:
461 4223 605 4294 volumus,
632 4220 712 4305 quod
736 4217 861 4300 uajuode
885 4205 1123 4298 Transsyluanus
1146 4208 1274 4298 (super)

11 4337 12 4342 ’
97 4333 217 4398 nobiles
234 4353 288 4398 scu
305 4334 437 4398 Saxones
454 4337 632 4396 memoratos
648 4330 742 4415 partis
763 4325 985 4397 Transiluanie,
1014 4329 1044 4387 et
1069 4321 1164 4389 banus
1184 4319 1276 4384 totius

94 4441 258 4506 Solauouie
273 4441 389 4507 nobiles
411 4443 505 4526 partis
521 4441 667 4510 [travano.
687 4437 855 4504 nullatenus
871 4431 1061 4498 descendere
1078 4430 1205 4516 possint,
1220 4447 1278 4491 uec

93 4552 181 4636 ipsos
196 4551 226 4614 iu
243 4549 342 4635 aliquo
358 4551 489 4616 indebite
506 4567 681 4632 aggrauorc.
1005 4646 1059 4700 11*
