3150 5092
300 342 374 412 lid

295 515 464 578 desolatum
483 521 514 579 et
531 516 733 592 destructum,
757 539 825 604 ymo
842 518 960 600 penitus
980 517 1176 588 annullatum,
1199 514 1280 600 qued
1304 513 1488 579 nullomodo

294 623 406 704 possit,
424 621 481 684 nisi
496 642 551 705 per
568 624 706 688 auxilium
723 627 840 706 regium
857 623 1030 694 reformari,
1060 622 1197 686 volentes
1213 623 1302 702 regio
1324 641 1362 684 ex
1382 622 1486 684 fauore

292 729 351 812 ipsi
369 729 500 814 capitulo
517 730 618 795 taliter
636 731 777 815 perdicto
795 733 969 816 prouidere,
992 730 1180 794 salifodinam
1202 732 1232 792 in
1249 728 1352 792 'Perde
1369 749 1424 812 per
1438 749 1483 801 se,

292 855 379 920 quarn
397 839 492 900 eciam
512 843 581 902 ante
598 839 840 904 destruccionem
856 840 952 924 ipsius
973 838 1116 909 ecclesie,
1144 837 1183 899 ob
1198 835 1367 900 remedium
1389 837 1484 899 anime

291 942 442 1009 karissimi
458 945 552 1028 patris
569 949 663 1010 nostri
679 947 763 1027 regis
779 946 928 1030 Stephani
944 946 1044 1008 felicis
1068 943 1294 1008 recordacionis
1318 963 1482 1006 concesse·

289 1071 400 1123 ramus,
420 1056 452 1115 et
466 1073 544 1116 nunc
560 1054 627 1116 iure
643 1058 803 1137 perpetuo,
821 1074 857 1118 ac
873 1051 1115 1116 irrevocabiliter
1132 1052 1320 1122 donauimus,
1334 1049 1481 1119 dedimus,

289 1163 320 1222 et
337 1159 526 1230 contulimus,
542 1159 678 1231 liberam,
694 1167 725 1224 et
741 1166 894 1227 enemtam⁴
905 1180 960 1243 per
976 1160 1073 1222 omnia
1090 1158 1128 1220 ab
1145 1157 1282 1222 omnibus
1300 1157 1481 1220 officialibus

289 1267 416 1338 uostris,
434 1267 623 1349 woyauodis,
641 1288 696 1350 pro
712 1273 850 1351 tempore
867 1269 1056 1338 constitutis,
1079 1272 1110 1329 et
1126 1266 1163 1328 ab
1179 1264 1319 1328 omnibus
1344 1264 1482 1328 officiali-

288 1373 344 1438 bus
361 1373 544 1446 eorumdem,
562 1375 613 1446 ita,
639 1380 670 1438 nt
694 1383 752 1439 tam
777 1395 834 1459 per
850 1396 965 1460 aquam,
984 1393 1072 1460 quam
1088 1393 1145 1457 per
1161 1378 1273 1436 terram
1289 1373 1373 1435 sales
1390 1372 1482 1435 excisi
1567 1373 1569 1442 ἔ

287 1483 319 1545 in
334 1480 439 1544 eadem
456 1480 631 1553 salifodinas,
650 1487 708 1546 tem
721 1485 751 1546 in
768 1483 884 1554 hieme,
901 1503 988 1566 quarn
1005 1485 1035 1544 in
1057 1486 1155 1545 estate
1177 1479 1274 1542 libere
1291 1477 1483 1544 descendere
1567 1491 1569 1508 ²

288 1591 416 1673 possint,
442 1611 478 1654 ac
499 1590 591 1655 incidi
613 1596 750 1676 tempore
772 1592 918 1674 quolibet,
932 1592 1013 1655 nullo
1029 1591 1219 1674 prohibente.
1240 1591 1371 1673 lnsuper
1387 1591 1484 1654 eciam

286 1698 324 1762 ad
342 1697 495 1762 meliorem
512 1699 761 1762 reformacioncm
778 1705 810 1763 et
825 1701 1067 1765 emendacionem
1085 1699 1220 1762 eiusdem
1242 1697 1378 1780 capituli,
1405 1702 1436 1761 et
1450 1703 1483 1760 ut
1567 1679 1569 1764 l

286 1806 389 1890 populi
405 1805 442 1868 ed
458 1811 555 1869 terres
573 1807 720 1889 sepedicti
737 1808 876 1890 capituli,
901 1806 953 1870 tali
975 1808 1063 1871 clade
1087 1804 1254 1878 desolatas,
1272 1825 1309 1867 ex
1325 1824 1424 1875 nouo,
1444 1804 1480 1867 ad

285 1917 416 1976 nostram
432 1915 657 1997 proteccionem
674 1918 792 1998 possint
809 1917 1002 1998 congregari,
1021 1934 1138 1980 omnem
1159 1913 1318 1978 collectam
1335 1912 1481 1995 regalem,
1567 1907 1569 1958 ἰ

284 2041 463 2107 quocunque
489 2028 625 2107 ternpore
654 2043 710 2107 per
737 2026 855 2105 regium
884 2026 1025 2097 edictum,
1054 2024 1091 2086 ab
1119 2024 1193 2108 ipsis
1215 2022 1338 2105 populis
1358 2022 1484 2105 capituli

282 2129 445 2200 uniuersis,
462 2129 651 2210 exigendam,
669 2131 766 2195 eidem
785 2132 918 2215 capitulo
931 2133 1001 2214 jore
1023 2136 1170 2216 perpetue
1187 2130 1378 2201 domuimus,
1397 2129 1480 2193 rela-

281 2237 427 2308 xauimus,
443 2241 474 2301 et
490 2237 728 2302 irrevocabiliter
745 2240 925 2304 relaxamus.
943 2240 984 2303 Ut
996 2240 1089 2322 igitur
1104 2235 1273 2302 huiusmodi
1290 2237 1479 2300 donaciones

284 2364 410 2427 pernes
430 2345 511 2408 facte
527 2346 658 2428 capitulo
675 2353 838 2411 memorato
860 2348 953 2412 robur
974 2349 1132 2431 optineant
1153 2350 1302 2429 perpetue
1318 2344 1481 2417 firmitatis,

283 2473 340 2517 nec
358 2473 415 2535 per
448 2472 520 2522 nos,
546 2472 602 2518 nec
626 2475 683 2536 per
708 2461 831 2518 nostros
859 2477 1072 2528 successores,
1098 2454 1159 2519 ullo
1183 2472 1321 2537 umquam
1341 2458 1482 2536 tempore

282 2561 400 2643 possint
414 2561 585 2634 retractari,
603 2567 690 2645 atque
706 2564 854 2636 reuocari,
871 2564 931 2646 ipsi
943 2562 1075 2646 capitulo
1092 2561 1207 2625 litteras
1224 2564 1388 2644 presentes
1405 2579 1482 2624 con·

281 2669 429 2731 cessimus
458 2667 610 2752 dupplicis
639 2668 731 2750 sigilli
757 2672 852 2733 nostri
881 2671 1044 2734 munimine
1075 2669 1242 2733 roboratas.
1282 2666 1392 2730 Datum
1426 2689 1483 2751 per

281 2794 384 2837 manus
401 2793 469 2838 ren,
491 2777 547 2838 viri
563 2777 701 2858 magistri
718 2776 834 2840 Thome
851 2776 992 2841 Albensis
1009 2776 1142 2840 ecclesie
1157 2776 1266 2848 electi,
1288 2775 1359 2838 aule
1375 2779 1484 2840 nostre

280 2879 520 2944 vicecancellarii
546 2881 649 2946 dilecti
673 2889 704 2946 et
726 2882 825 2948 tidelis
850 2886 953 2949 nostri.
979 2886 1064 2948 Anno
1085 2883 1122 2946 ab
1139 2883 1350 2947 incarnatione
1366 2883 1483 2946 domini

280 2985 413 3050 M⁰.CC⁰.
428 2989 651 3071 septuagesimo
669 2996 786 3053 octauo.
813 2991 911 3072 Regni
927 2996 1023 3055 autern
1041 2992 1136 3054 nostri
1151 3010 1228 3054 anno
1245 2996 1344 3053 sexto.

810 3243 947 3314 cxvhr.

834 3396 914 3450 rcus.

368 3518 525 3580 Vniuersis
550 3515 661 3580 Christi
686 3518 827 3583 fidelibus
852 3521 1015 3605 capitulum
1044 3522 1179 3586 ecclesie
1206 3522 1290 3587 beati
1314 3525 1480 3590 Michaelis

276 3625 510 3696 Transsiluane,
540 3625 666 3688 salutem
689 3627 720 3688 in
745 3627 850 3691 salutis
874 3633 1007 3692 auctore.
1032 3630 1076 3692 Ad
1096 3631 1306 3694 uniuersorum
1331 3633 1480 3697 noticiam
1563 3654 1564 3703 i

160 3797 163 3801 ,
274 3733 379 3795 harum
396 3735 477 3794 serie
493 3733 629 3795 uolumus
646 3734 819 3815 peruenire,
836 3734 1016 3820 quodddoye
1029 3756 1131 3800 comes
1149 3735 1228 3800 tilius
1241 3738 1359 3802 Alberti
1370 3743 1482 3822 magni

273 3840 303 3902 in
320 3844 452 3903 nostram
469 3842 649 3904 constitutus
661 3842 851 3922 presenciam
864 3862 918 3925 pro
931 3863 965 3904 se
980 3848 1012 3905 et
1027 3864 1082 3926 pro
1099 3844 1247 3908 iratribus
1263 3846 1480 3911 suisJohanne
1562 3872 1563 3935 i

273 3945 416 4011 uidelicet
438 3954 469 4011 et
492 3947 615 4009 biberto
633 3948 778 4030 quandam
803 3952 913 4012 terram
942 3969 1026 4013 suem
1049 3951 1221 4034 empticium
1244 3954 1374 4037 Tpcbcn
1390 3953 1481 4022 Sena

272 4053 403 4118 Martem
412 4057 547 4118 uocatam
560 4054 640 4116 iuxta
649 4056 794 4117 minorem
800 4056 1062 4139 Kuquellevsitam
1075 4058 1160 4123 dedit
1171 4061 1295 4124 donavit
1303 4067 1333 4125 et
1345 4064 1482 4127 contulit
1561 4036 1562 4073 ³

271 4161 418 4224 seruienti
440 4180 494 4223 suo
511 4160 602 4223 Paulo
630 4162 716 4224 fratri
733 4162 805 4234 Des,
834 4181 901 4226 cum
917 4170 1043 4246 propter
1060 4165 1161 4229 fidelia
1180 4168 1314 4231 seruicia
1332 4169 1476 4234 eiusdem
1561 4172 1562 4215 l

270 4266 365 4337 Pauli,
372 4272 433 4330 tum
450 4272 576 4351 propter
588 4268 716 4349 pecunie
734 4270 928 4350 quantitatem
941 4273 1074 4354 receptis
1091 4273 1237 4337 uidelicet
1251 4275 1478 4360 quinquaginta

271 4372 383 4436 marcis
407 4372 444 4436 ab
469 4375 586 4445 eodem,
609 4379 758 4456 perpetuo
774 4375 840 4437 iure
855 4376 1080 4457 possidendam,
1098 4381 1278 4463 promittens
1295 4403 1332 4446 se
1348 4387 1381 4446 et
1395 4403 1476 4450 suos

270 4481 380 4544 fratres
398 4487 502 4544 contra
524 4479 602 4542 hanc
624 4479 832 4554 donacionem,
856 4483 1051 4547 tradicionem
1068 4504 1123 4549 seu
1139 4487 1363 4562 uendicicnem,
1387 4492 1475 4557 nullo
