3150 5092
242 291 315 362 102

238 464 355 530 laudem
372 463 502 530 obtinuit
518 464 655 536 victorie,
671 482 799 548 quorum
812 466 986 528 memoriam
998 485 1057 528 oon
1069 464 1157 529 tollet
1171 463 1287 533 uadum
1303 466 1336 529 in
1350 469 1450 528 eter-
1567 531 1569 538 ,

237 591 315 636 nurn.
343 571 400 653 Qui
423 572 496 636 licet
517 571 589 637 hinc
610 571 680 634 inde
701 573 941 653 impugnaretur.
966 577 997 635 et
1016 578 1184 658 pugnaret,
1207 571 1313 636 Belam
1335 577 1449 636 tamen
1567 583 1569 666 ζ

237 679 355 752 ducem,
372 687 442 744 lunc
460 681 595 742 intimum
620 681 716 762 patris
741 681 838 745 nostri
860 680 1062 752 defensorem,
1078 686 1110 744 et
1123 679 1250 743 militum
1266 684 1447 750 strenuum,

237 787 303 868 ejus
319 807 396 870 equo
413 787 443 850 in
459 786 540 853 bello
564 793 692 860 mortuo,
716 789 783 872 ipse
799 788 945 870 magister
962 789 1069 852 Petrus
1087 787 1241 851 demedio
1263 807 1365 869 cnuey
1380 807 1447 869 per·
1567 817 1569 874 j

239 895 419 977 probitatem
441 915 525 960 suam
549 899 579 958 et
604 894 744 960 virtutem
769 897 920 978 propriam
946 895 1075 959 redemit
1088 899 1120 956 et
1134 895 1267 960 reduxit
1291 895 1443 958 Ceterum
1567 909 1569 918 ·

237 1009 306 1086 post
338 1001 497 1066 decessum
522 1001 657 1084 ejusdem
687 1004 783 1087 patris
812 1003 917 1078 nostri,
941 1003 1026 1066 nobis
1049 1001 1087 1066 ad
1109 1021 1252 1066 coronam
1268 1003 1388 1084 regiam
1404 1008 1443 1065 et

237 1114 324 1194 regni
348 1111 455 1176 solium
481 1132 535 1196 per
559 1112 787 1176 successionem
805 1111 1030 1184 hereditariam,
1052 1131 1107 1174 seo
1123 1112 1260 1175 ordinem
1276 1111 1435 1190 geniture,

237 1224 387 1282 aunuente
423 1220 543 1285 domino
586 1218 752 1282 sublimatis
790 1224 849 1286 etc.
903 1220 987 1282 Anno
1026 1217 1179 1282 dominice
1215 1218 1439 1281 incarnationis

237 1327 432 1392 Mccoxxfl.
457 1325 540 1414 (sic)
563 1327 679 1392 decimo
709 1327 853 1390 kalendas
877 1325 974 1400 lunii,
1000 1326 1087 1408 regni
1109 1331 1211 1390 autem
1235 1327 1338 1390 nostri
1357 1347 1437 1389 anno

241 1437 348 1520 primo.
362 1434 593 1500 venerabilibus
606 1435 662 1498 PP.
677 1435 814 1506 Nieolao,
824 1440 930 1500 sancte
942 1435 1166 1515 strigoniensis
1178 1434 1313 1500 ecclesie
1326 1433 1439 1505 electo,
1567 1483 1569 1530 2

237 1543 304 1609 aule
328 1547 432 1606 nostro
455 1542 652 1616 cancellatim
679 1542 834 1626 Stephano
859 1543 1034 1614 Colocensi,
1066 1547 1098 1606 et
1120 1542 1239 1606 ‚Ioanne
1260 1542 1439 1626 Spalatensi
1567 1571 1569 1574 ⁴

237 1650 493 1733 archiepiscopis;
526 1651 687 1735 humperto
720 1651 879 1733 Agriensi,
907 1650 966 1715 Job
997 1650 1337 1732 Quinqueecclesiensi,
1362 1649 1440 1713 Phi.-
1567 1713 1569 1716 Α

237 1759 318 1841 lippo
338 1757 477 1822 Vaciensi
494 1759 560 1822 aule
584 1757 704 1822 domine
721 1758 843 1838 regine,
871 1757 1028 1820 karissime
1049 1759 1153 1820 matris
1177 1762 1281 1820 nostre
1309 1757 1437 1820 cancel-

236 1863 320 1936 lario,
338 1865 449 1928 comite
464 1863 696 1945 Neogradiensi,
712 1864 831 1928 Bricoio
849 1864 1060 1935 Chanadiensi,
1076 1864 1179 1927 Paullo
1190 1863 1438 1946 Wcsprimiensi‚

237 1973 404 2056 Tymolheo
422 1970 633 2054 Zagrabiensi,
650 1971 831 2036 bodomerio
845 1972 1040 2044 Varadiensi,
1064 1973 1200 2036 Dionisio
1216 1968 1378 2036 'lauriensi
1405 1976 1439 2032 et

239 2081 329 2144 Petro
346 2079 544 2146 Transiluano
562 2081 714 2163 episcopis
732 2115 775 2126 -
792 2117 835 2128 -
853 2079 1013 2143 Laurentio
1030 2079 1172 2162 palatino,
1190 2080 1300 2142 comite
1315 2079 1435 2161 Supru-

239 2188 337 2252 niensi
365 2192 395 2252 et
422 2189 460 2253 de
488 2188 621 2260 Borona,
653 2209 688 2252 ac
714 2186 820 2267 judice
843 2186 1057 2260 Cumanorum
1081 2188 1211 2252 ilenrico
1236 2187 1313 2250 bano
1341 2187 1436 2248 totius

239 2295 416 2362 Sclauonier
435 2294 543 2377 Egidio
560 2295 636 2358 hano
653 2297 691 2360 de
706 2296 812 2359 Macho
831 2302 861 2359 et
873 2296 1033 2367 deBoana;
1053 2296 1171 2359 doanne
1184 2295 1320 2377 wajroda
1333 2295 1436 2356 Tran-

239 2403 366 2474 siluano,
385 2406 495 2468 comite
512 2404 550 2466 de
567 2404 716 2475 Zownulr,
733 2402 888 2486 Stephano
905 2403 1052 2484 magistro
1071 2407 1294 2468 tauernicorum
1311 2409 1436 2465 nostro-

237 2532 317 2584 rum:
343 2510 485 2576 Ladislao
503 2512 587 2576 curie
606 2516 709 2576 nostre
720 2510 839 2592 judice,
857 2512 967 2576 comite
986 2511 1024 2574 de
1038 2510 1140 2582 Bana;
1165 2510 1320 2595 Repnoldo
1338 2510 1436 2591 magi·

238 2625 300 2682 stro
318 2619 520 2703 dapiferorum
539 2625 725 2692 nostrorum,
744 2620 852 2684 comite
868 2612 1140 2703 Zulgageuriensi3
1158 2618 1270 2700 Vgrino
1287 2619 1437 2698 magistro

237 2745 402 2809 agasonum
420 2732 602 2804 nostrorum,
620 2727 731 2792 comite
748 2728 926 2811 syrmiensi.
950 2726 1113 2790 Laurentio
1141 2727 1288 2808 magistro
1309 2727 1438 2808 pincer-

239 2853 340 2898 narum
351 2840 522 2898 nostrorum
534 2836 643 2898 comite
657 2834 694 2900 de
702 2836 797 2899 Kewe
809 2841 841 2898 et
853 2836 891 2898 de
898 2837 1029 2908 Karaso;
1047 2833 1137 2898 Paulo
1150 2834 1228 2898 hano
1241 2835 1279 2898 de
1287 2834 1421 2898 Zeurino
1427 2855 1439 2903 3

237 2942 376 3006 Emerico
390 2942 498 3006 comite
507 2942 702 3027 symigiensi.
711 2941 825 3007 Dedalo
840 2945 949 3007 comite
959 2943 1149 3014 Zaladieosi;
1162 2942 1314 3006 llichaele
1326 2943 1439 3006 comite

238 3049 396 3123 Nitriensi,
414 3049 527 3114 stallis
545 3055 603 3114 etc.

798 3305 879 3374 clv.

588 3461 668 3522 1274,
686 3461 730 3514 25.
746 3460 818 3514 duni.
837 3460 1090 3529 weissenburg.

332 3590 394 3654 Nos
410 3593 556 3672 magister
572 3574 886 3673 Mattheusvoywoda
903 3589 1139 3654 Traossiluanus
1157 3609 1259 3652 comes
1283 3591 1323 3654 de
1344 3593 1436 3655 Zow-

242 3697 301 3762 nul
329 3696 473 3762 memorie
508 3698 751 3762 commendantes
782 3705 889 3762 tenore
919 3698 1110 3781 presencium
1136 3698 1341 3779 significamus
1369 3702 1440 3763 vni-

241 3807 348 3879 ucrsis,
366 3806 445 3890 quod
462 3824 527 3870 cum
545 3806 663 3870 domina
677 3805 784 3870 relicta
797 3807 926 3876 Urbani,
935 3810 966 3870 et
978 3805 1130 3889 Mychon
1141 3805 1220 3868 lilius
1230 3806 1364 3887 ejusdem
1381 3829 1440 3890 per

241 3914 362 3977 Paulum
391 3912 530 3978 comitem
560 3913 598 3976 do
627 3913 738 3996 Gyogh
765 3914 890 3976 fratrem
913 3915 1031 3977 comitis
1052 3913 1184 3984 Andree
1209 3920 1440 3996 procuratorem
1527 3927 1529 3930 ’

242 4022 414 4093 eorundem,
432 4020 554 4083 Petrum
571 4019 662 4084 fllium
676 4021 758 4104 Petri
777 4023 876 4102 magni
894 4021 932 4084 de
944 4022 1092 4096 Mareade,
1109 4041 1203 4104 super
1220 4021 1440 4086 interfoooione

241 4129 354 4192 Vrbani
370 4129 526 4193 memorati
542 4128 578 4190 ad
596 4133 730 4192 nostram
753 4131 942 4212 presenciam
967 4130 998 4192 in
1020 4129 1068 4192 ius
1085 4134 1255 4200 evocasset,
1273 4133 1303 4191 et
1320 4129 1439 4194 ratione

240 4236 302 4300 litis
320 4236 417 4300 dictus
441 4241 619 4319 procurator
640 4237 738 4321 ipsum
757 4236 879 4300 Petrum
902 4237 1130 4301 interfectorem
1145 4235 1261 4300 Vrbani
1285 4236 1438 4318 sepedicti

241 4345 441 4415 nominasset,
474 4343 701 4408 Bartholomeus
724 4344 957 4409 archidiaconns
985 4343 1023 4407 de
1043 4343 1184 4420 Thurda‚
1209 4344 1341 4408 decanus
1366 4350 1438 4435 tunc

242 4453 388 4535 temporis
401 4450 533 4515 ecclesie
544 4450 682 4516 Albensis
696 4452 763 4516 vice
776 4456 806 4516 el
818 4452 940 4514 nomine
953 4453 1076 4536 capituli
1089 4452 1249 4535 respondit
1261 4474 1298 4515 ex
1310 4452 1438 4518 adverso
