3150 5092
611 374 709 446 16

599 546 963 632 presentiam
1010 541 1330 614 destinat0,
1393 542 1454 602 vt
1496 538 1547 601 si
1584 537 1856 619 ejusdem
1903 541 2169 606 ecclesie
2213 542 2369 607 votis
2428 544 2488 607 in
2533 545 2651 610 hoc
2695 545 2981 610 vellemus

600 674 864 719 annuere
898 650 1410 716 confirmationem
1449 646 1761 710 electionis
1796 647 2063 729 ejusdem
2091 649 2201 713 tibi
2232 650 2546 715 remittere
2573 652 2980 734 dignaremur.

600 762 881 827 Ceterum
917 759 1254 824 charissimi
1284 756 1344 818 in
1377 751 1618 817 Christo
1661 751 1768 817 filii
1800 756 1990 818 nostri
2038 792 2119 803 -·
2166 777 2294 827 rex,
2330 762 2391 821 et
2421 796 2509 805 —
2557 760 2772 841 regina
2821 761 2983 824 Hun-

605 888 880 952 garorum
944 864 1220 934 illustris,
1293 861 1703 944 multiplicatis
1774 862 2137 944 prelatorum
2199 870 2366 929 terre
2438 866 2988 932 intercessionibus

605 1004 709 1064 pru
746 976 957 1042 eodem
991 974 1220 1044 electo,
1277 990 1387 1054 per
1418 989 1596 1053 quem
1629 969 1855 1053 potius,
1913 991 2089 1054 quam
2143 993 2257 1055 per
2301 973 2478 1036 alium
2522 973 2805 1056 predicta
2841 996 2983 1059 spe-

602 1096 768 1150 ratur
816 1081 1079 1148 ecclesia
1131 1080 1192 1142 in
1243 1073 1675 1161 temporalibus
1719 1079 1781 1138 et
1833 1076 2244 1160 spiritualibus
2275 1075 2558 1163 recipere
2587 1083 2985 1157 incrementa,

609 1193 775 1256 nubis
822 1210 956 1254 cum
1002 1186 1283 1251 instantia
1328 1184 1767 1267 supplicarunt.
1836 1183 1962 1248 Nos
2019 1206 2162 1249 vero
2205 1187 2565 1252 fraternitati
2611 1192 2716 1253 tue
2760 1192 2822 1254 in
2870 1191 2986 1256 boc

605 1308 665 1364 rt
697 1298 852 1370 aliis,
886 1299 1167 1381 quantum
1201 1312 1335 1358 cum
1367 1291 1621 1354 Domino
1653 1311 1997 1376 possumus,
2055 1294 2301 1358 deferre
2344 1297 2638 1366 volentes.
2685 1299 2985 1380 prefatum

605 1408 862 1472 electum
896 1404 972 1468 ad
1003 1409 1067 1467 te
1099 1422 1234 1466 cum
1265 1402 1461 1484 gratia
1510 1400 1779 1463 duximus
1824 1400 2285 1476 remittendum3
2334 1424 2449 1488 per
2496 1406 2832 1488 apostolica
2880 1406 2991 1470 tibi

605 1516 829 1598 scripta
859 1510 1232 1581 mandantes,
1266 1511 1557 1592 quatenus
1593 1525 1727 1569 cum
1772 1506 1889 1571 hoc
1936 1508 2249 1573 deferendi
2280 1511 2388 1575 tibi
2422 1502 2987 1586 causa‘feeerimus,

605 1643 747 1704 rrga
774 1621 1029 1684 electum
1057 1621 1274 1700 ipsum,
1309 1615 1363 1677 si
1391 1614 1539 1678 alias
1563 1618 1660 1678 est
1684 1614 1955 1688 idoneus,
1982 1618 2253 1700 predicta
2270 1619 2503 1683 macula
2534 1617 2653 1684 non
2682 1621 2985 1695 obstante,

601 1732 733 1793 sine
768 1724 1141 1798 difficultate,
1174 1728 1354 1808 prout
1405 1722 1480 1784 ad
1534 1727 1698 1785 tuum
1754 1725 2019 1805 pertinet
2051 1726 2337 1798 officium,
2385 1730 2718 1811 exequaris.
2768 1729 2985 1792 Datum

601 1836 804 1907 Matri,
838 1835 1017 1897 tertio
1049 1834 1225 1897 nonis
1258 1830 1418 1894 Junii
1450 1849 1602 1893 anno
1636 1837 1865 1894 sexto.“
2768 1843 2779 1851 ·

1700 2013 1890 2085 XVII.

1146 2214 1150 2218 ¹
1474 2150 1639 2215 1222,
1663 2151 1755 2205 21.
1780 2151 1918 2205 Juni.
1944 2152 2115 2206 Rom.
2205 2188 2211 2194 ·

780 2262 1074 2326 Honorius
1111 2309 1125 2323 .
1149 2308 1162 2323 .
1186 2307 1200 2321 .
1219 2308 1233 2322 .
1269 2260 1565 2346 episcopo
1588 2262 1890 2334 Vaciensi,
1932 2267 1991 2325 et
2017 2263 2237 2328 abbati
2258 2264 2564 2350 Eqriensi
2590 2261 2987 2350 (Egeriensi)

605 2367 1386 2439 fssfflzadiensisdioecesis,
1435 2373 1498 2430 et
1530 2369 1840 2452 preposito
1896 2369 2197 2435 Vaciensi.
2477 2370 2745 2435 Gravem·
2786 2372 2991 2438 dilec-

601 2492 793 2544 turum
826 2477 1083 2541 filiorum
1118 2522 1270 2539 .....
1319 2475 1564 2540 abbatis
1618 2483 1684 2540 et
1726 2485 2069 2543 conventus
2108 2480 2480 2544 monasterii
2520 2482 2598 2544 B.
2652 2480 2864 2545 Mario
2909 2481 2990 2545 de

609 2588 750 2652 OEus
781 2582 1126 2667 recepimus
1160 2583 1553 2666 questionem,
1591 2581 1769 2664 quod,
1806 2601 1940 2646 cum
1974 2585 2398 2654 monasterium
2429 2585 2646 2669 ipsum,
2691 2586 2855 2670 quod
2914 2587 2991 2650 ad

605 2716 713 2760 nos
773 2693 934 2757 nullo
997 2691 1198 2754 medio
1248 2690 1529 2774 pertinet,
1596 2709 1713 2752 non
1768 2674 1957 2754 solum
2004 2690 2335 2774 apostolice
2385 2693 2583 2764 sedis,
2644 2693 2756 2756 sed
2810 2696 2992 2757 etiam

605 2801 909 2884 regalibus
955 2800 1174 2863 fuisset
1215 2796 1554 2881 privilegiis
1615 2800 2058 2870 communitum,
2103 2798 2260 2864 bone
2316 2803 2603 2864 memorie
2662 2801 2763 2866 W.
2823 2802 2994 2886 (Vil-

605 2907 870 2994 helmus)
921 2908 1255 2994 episcopus
1295 2905 1587 2970 Albensis
1630 2918 1891 2988 sequens
1949 2896 2283 2990 tyranidem
2327 2909 2394 2972 A.
2447 2907 2761 2994 (Adriani)
2804 2928 2989 2992 prae-

601 3015 944 3080 decessoris
1008 3014 1123 3088 sui,
1184 3015 1285 3096 qui
1329 3013 1468 3076 olim
1513 3013 1825 3077 destructo
1860 3014 2073 3077 eodem
2097 3004 2491 3087 monasterio,
2526 3017 2596 3079 L.
2631 3022 2993 3080 antecesso-

605 3146 728 3188 rem
787 3125 977 3208 ipsius
1040 3122 1271 3187 abbatis
1336 3121 1667 3185 crudeliter
1724 3123 2161 3205 captivaverat,
2228 3122 2501 3214 eundem·
2546 3124 2863 3198 abbatem,
2932 3131 2995 3188 et

601 3232 751 3296 fluns
804 3252 875 3294 ex
930 3230 1216 3295 fratribus
1273 3230 1421 3302 suis,
1480 3249 1595 3291 una
1658 3246 1791 3293 cum
1831 3229 1899 3292 R.
1940 3230 1999 3293 J.
2045 3232 2113 3293 A.
2161 3235 2231 3293 et
2255 3232 2321 3294 B.
2358 3233 2669 3295 canonicis
2704 3231 2987 3296 Albensi-

605 3340 733 3412 ἰωῇ,
771 3346 834 3402 et
876 3338 1231 3421 quibusdam
1275 3335 1432 3408 aliis,
1478 3336 1593 3399 Dei
1636 3338 1851 3400 timore
1900 3338 2255 3421 postposito,
2301 3338 2505 3422 coepit
2534 3321 2893 3411 immaniter,
2930 3345 2993 3403 et

605 3448 693 3508 eis
756 3446 995 3510 traditis
1045 3444 1319 3511 custodie
1369 3445 1698 3516 carcerali,
1766 3446 2177 3529 supradictum
2224 3447 2644 3510 monasterium
2690 3446 2990 3511 violenter

605 3535 1005 3636 aggrediens,
1040 3553 1426 3636 privilegium
1455 3552 1576 3634 ipsi
1610 3551 1684 3615 ab
1722 3553 2052 3634 apostolica
2102 3554 2249 3617 sede
2292 3551 2585 3617 indultum
2628 3555 2769 3636 igne
2820 3574 2986 3617 com-

601 3663 811 3734 bussit,
848 3666 911 3725 et
943 3661 1073 3742 ejus
1106 3659 1314 3742 regale
1347 3658 1729 3742 privilegium
1767 3680 1918 3743 aqua
1953 3660 2197 3725 delevit.
2261 3659 2436 3724 Unde
2470 3680 2606 3726 cum
2654 3660 2875 3736 ahbaS,
2925 3666 2987 3740 et

605 3775 932 3834 conventus
951 3768 1171 3853 prefati
1200 3767 1433 3830 amissis
1474 3767 1815 3851 privilegiis
1847 3768 1922 3832 ab
1954 3769 2364 3842 iniuriatorum
2399 3789 2643 3833 suorum
2671 3768 2987 3833 calumniis

601 3878 996 3960 nequiverunt
1027 3897 1096 3940 se
1128 3875 1505 3960 postmodum
1536 3877 1715 3947 tueri,
1764 3877 2200 3957 monasterium
2244 3878 2456 3960 ipsum,
2506 3877 2666 3960 quod
2694 3876 2985 3942 bonorum

601 3986 1016 4069 temporalium
1049 3984 1327 4048 ubertate
1359 3983 1668 4060 floruerat,
1703 3983 1776 4046 ad
1799 3988 2018 4048 tantam
2049 3986 2309 4068 inopiam
2335 3989 2432 4049 est
2456 3984 2801 4058 deductum,
2821 3982 2984 4070 quod

601 4099 816 4158 fratres
843 4093 926 4157 ibi
954 4094 1207 4157 Domino
1238 4091 1573 4156 servientes
1609 4091 2028 4156 sufficientiam
2062 4094 2232 4176 panis
2266 4092 2494 4157 habere
2527 4114 2645 4158 non
2672 4098 2984 4177 poterant,

601 4204 752 4268 unde
786 4223 894 4266 suo
929 4201 1354 4266 satisfacerent
1372 4190 1660 4275 exactori,
1681 4206 1743 4264 et
1764 4216 1851 4265 ‘ne
1870 4206 2122 4285 possent
2146 4200 2227 4289 *ab
2253 4201 2697 4265 imminentibus
2722 4186 2985 4286 oppres-

601 4309 867 4375 sionibus
900 4311 1238 4392 respirare,
1293 4305 1498 4371 famuli
1532 4306 1805 4392 episcopi
1838 4308 2169 4382 memorati,
2204 4311 2265 4372 et
2297 4310 2729 4372 canonicorum.
2762 4309 2988 4375 Alben-

601 4420 749 4480 sium
798 4440 906 4482 sue
955 4403 1667 4500 paupertatis'residuum
1712 4416 1774 4478 in
1818 4416 2142 4499 superfluis
2189 4417 2796 4482 commessationibus
2840 4438 2985 4485 con-

597 4531 999 4609 sumpserunt.
1049 4524 1224 4586 Unde
1255 4521 1427 4586 nobis
1460 4511 1767 4586 humiliter
1798 4525 2231 4608 supplicarunt,
2258 4533 2320 4588 ut
2351 4545 2447 4600 ne,
2469 4526 2625 4609 quod
2660 4524 2838 4596 absit,
2871 4545 2983 4609 per
