3150 5092
310 311 384 380 144

304 485 497 548 attemtnntes
513 499 620 564 penam
636 480 737 564 duppli
752 481 950 545 incurremus.
967 480 1040 543 ltem
1056 478 1224 560 obligamus
1239 498 1313 550 nos,
1329 482 1362 542 et
1376 483 1498 542 nestros
1567 525 1569 528 Α

303 609 511 661 successores,
532 595 694 652 memorata
717 587 878 671 priuilegia
900 586 1048 650 dictorum
1068 587 1258 650 dominorum
1279 605 1390 668 regum
1411 585 1498 649 exbi-
1567 569 1569 602 ³

303 697 397 770 bere,
424 716 478 762 seu
501 695 663 760 ostendere
684 713 784 758 coram
807 691 945 756 omnibus
963 691 1117 772 judicibus
1133 694 1374 778 quandocunque
1394 698 1495 757 tractu

302 806 447 890 temporis
464 821 592 868 necesse
603 801 710 874 fuerit,
728 801 776 864 uel
793 801 973 882 expediens,
990 819 1051 882 que
1066 799 1225 885 priuilegia
1246 805 1280 863 et
1300 820 1381 864 nunc
1397 801 1494 863 eidem

303 913 423 978 domino
448 911 592 994 episcope
617 908 789 979 ederemus,
814 907 871 971 nisi
887 907 918 969 in
933 907 1064 970 hiisdem
1079 910 1190 972 iactum
1205 906 1310 971 tributi
1328 909 1443 980 nostri,
1464 914 1495 970 et

302 1040 389 1105 quam
406 1019 509 1103 plures
525 1016 584 1080 alie
600 1016 814 1099 possessiones
826 1020 928 1078 nostre
943 1019 1084 1078 annotate
1099 1013 1290 1078 haberentur.
1307 1016 1348 1079 lit
1363 1015 1410 1079 sic
1421 1036 1493 1098 pre-

302 1131 410 1191 tactam
440 1125 634 1190 donacionem
663 1141 729 1188 cum
751 1122 945 1205 presentibus
975 1122 1084 1186 litteris
1106 1122 1139 1184 in
1165 1121 1324 1205 premissis
1351 1122 1494 1205 pendenti

303 1234 404 1318 sigillo
421 1237 523 1297 nostre
545 1231 672 1294 fecimus
696 1228 887 1300 communiri,
914 1227 1041 1292 eandem
1063 1227 1275 1293 nichilominus
1296 1230 1495 1293 donacionem

303 1363 357 1406 seu
373 1341 559 1424 legacionem
577 1338 613 1403 nd
630 1337 772 1419 majorem
785 1337 831 1398 rei
845 1336 1041 1410 euideneiam,
1056 1337 1331 1420 inconcussamque
1346 1343 1494 1422 perpetuo

302 1448 470 1512 firmitatem
510 1465 577 1510 cunr
618 1444 840 1528 pacientissime
877 1447 958 1507 motu
986 1443 1088 1507 cerdis
1115 1445 1210 1510 nostri
1236 1446 1412 1514 curauimus
1439 1466 1495 1529 per

302 1555 509 1640 priuileginles
537 1554 652 1617 litteras
679 1554 837 1614 memorati
866 1549 990 1634 capituli
1016 1550 1156 1615 Albensis
1180 1550 1315 1616 ecclesie
1339 1551 1495 1615 roborare.
1563 1591 1569 1606 .

302 1661 410 1726 Datum
425 1663 512 1733 nine,
529 1661 560 1722 in
580 1666 685 1725 sancto
702 1657 828 1729 Sabate,
850 1679 926 1721 anne
944 1657 1054 1721 demini
1071 1657 1187 1722 unce.
1263 1661 1361 1722 esime
1378 1664 1496 1728 octavo.

810 1968 975 2038 CXLVlll.

652 2137 737 2198 ross,
755 2139 782 2193 a.
801 2137 871 2192 sun.
890 2139 1136 2192 usserman.

389 2303 452 2368 Nos
480 2302 641 2366 budizlaus
668 2302 734 2365 vice
756 2303 891 2386 noyreda
914 2302 1162 2373 Transsilvanus,
1178 2301 1285 2364 Petrus
1313 2303 1354 2366 de
1380 2303 1495 2387 Nytr..

298 2429 400 2477 comes
418 2408 581 2482 delicies,
599 2409 739 2494 blycbael
754 2428 856 2472 comes
874 2408 952 2471 tilius
969 2409 1122 2470 Laurentii
1220 2407 1299 2471 filins
1317 2410 1443 2480 blurun,
1465 2418 1496 2474 et

299 2537 401 2583 cemes
412 2518 519 2582 Petrus
535 2515 616 2580 tilius
632 2516 796 2580 Clementis
812 2514 928 2580 iudices
944 2535 1000 2599 per
1016 2533 1142 2596 regnum
1155 2515 1404 2579 Transsiluanum
1421 2536 1496 2580 cen-

297 2626 410 2699 stituti,
439 2630 471 2689 et
494 2623 592 2688 eidem
619 2622 762 2688 [radiolae
786 2623 991 2708 viceueyvode
1018 2623 1048 2685 in
1077 2642 1250 2685 assessores
1265 2621 1303 2685 ad
1321 2659 1367 2669 —
1384 2644 1493 2687 causas

295 2734 458 2816 assignati,
491 2730 700 2814 presentibus,
729 2730 838 2816 quibus
866 2731 989 2814 expedit
1004 2729 1209 2811 significamus
1225 2731 1396 2803 uniuersis,
1413 2731 1491 2815 quod

296 2861 384 2924 quum
412 2837 577 2904 secundum
606 2838 824 2902 continenciam
851 2839 1004 2902 literarum
1029 2837 1160 2901 Rorandi
1177 2838 1314 2922 uoyvode
1331 2839 1492 2902 Transsil-

295 2948 363 3012 ueni
379 2952 410 3011 et
426 2948 544 3011 comitis
561 2946 600 3009 de
616 2944 728 3018 Zonnk,
745 2945 890 3008 lleminus
915 2965 950 3008 ac
973 2945 1128 3008 lohannes
1151 2945 1205 3028 filij
1228 2943 1362 3027 blykula,
1388 2965 1490 3009 coram

297 3054 383 3118 nobis
410 3053 554 3118 uicesimo
578 3051 711 3116 secundo
736 3052 785 3115 die
807 3058 878 3136 post
898 3058 1093 3134 pentecostes
1108 3050 1275 3115 venerabili
1292 3053 1373 3134 patri
1389 3053 1424 3114 P.
1443 3054 1491 3116 dei

293 3161 397 3242 gracia
418 3163 562 3245 episcope
593 3159 806 3224 Transsiluano
827 3161 856 3221 in
880 3164 999 3223 centum
1015 3166 1048 3223 et
1070 3161 1225 3238 sexaginta
1241 3161 1365 3231 marcis,
1381 3161 1490 3244 quibus

295 3273 399 3332 centra
430 3268 557 3332 eundem
589 3267 740 3332 dominum
776 3267 955 3350 episcopum
985 3267 1187 3331 mediantibus
1222 3267 1333 3330 litteris
1367 3267 1491 3351 capituli

293 3375 433 3440 Albensis
450 3374 581 3440 ecclesie
593 3374 815 3445 Transsilvane,
827 3372 938 3435 litteris
954 3373 1051 3436 eciam
1067 3375 1285 3437 cruciferorum
1299 3376 1339 3438 de
1353 3377 1490 3446 Tberda,

294 3488 324 3546 et
355 3483 473 3546 abbatis
503 3482 541 3546 de
577 3480 843 3551 llulusmunustra,
875 3479 967 3560 ijdem
995 3480 1138 3544 lleminus
1175 3486 1207 3544 et
1240 3482 1398 3547 lebannes
1435 3504 1489 3570 pro

294 3589 423 3654 diuersis
451 3591 650 3660 nocumentis,
669 3587 867 3670 dampnisqne
884 3586 962 3651 datis
987 3589 1017 3651 in
1033 3589 1281 3670 possessionibus
1304 3592 1491 3676 episcopali-

294 3698 360 3768 bus,
378 3701 409 3760 et
425 3696 526 3769 illatis,
555 3700 623 3760 sunt
640 3695 782 3766 conuicti,
799 3695 976 3758 satisfecere
999 3695 1186 3768 debuissent,
1206 3698 1236 3759 in
1263 3701 1490 3781 possessionem

292 3801 472 3875 eorundem,
497 3805 653 3887 pecuniam
674 3801 842 3883 predictam
860 3801 1025 3874 valentem,
1044 3803 1128 3885 juxta
1145 3806 1333 3867 sentenciam
1351 3807 1491 3888 ejusdem

291 3910 423 3974 Rerandi
438 3910 574 3993 ueyuede
596 3908 733 3972 dominus
758 3909 919 3993 episcopus
935 3915 1116 3974 memoratus
1133 3930 1190 3994 per
1211 3931 1268 3973 nes
1284 3912 1489 3986 introductus.

292 4016 319 4078 si
347 4036 402 4101 per
432 4037 485 4079 eos
507 4038 565 4080 nen
588 4016 675 4080 fieret
701 4017 904 4088 satisfactum,
927 4016 1019 4097 ijdem
1042 4018 1185 4080 Kemiuus
1208 4024 1239 4081 et
1258 4019 1418 4083 lebannes
1438 4021 1493 4084 tilii

291 4121 410 4205 Mylula
427 4125 586 4206 prenotati,
604 4119 783 4186 adveniente
804 4124 934 4188 termine
950 4124 1115 4187 selucienis
1138 4129 1169 4188 et
1191 4127 1419 4191 satisfaccionis
1434 4150 1490 4212 per

289 4247 343 4291 eos
360 4228 470 4301 dende,
489 4229 705 4294 contumaciter
721 4249 754 4294 se
767 4229 975 4302 absentantes,
993 4251 1050 4294 nee
1065 4251 1124 4313 per
1139 4253 1184 4302 se,
1202 4252 1259 4295 ncc
1275 4254 1333 4316 per
1345 4238 1488 4300 nuncium

290 4355 376 4399 suurn
392 4342 540 4400 uenerunt
556 4337 593 4400 ad
611 4337 779 4399 huiusmodi
797 4339 1033 4402 satisfactionem
1051 4339 1239 4402 exibendam.
1264 4340 1328 4405 Nos
1345 4344 1443 4424 igitur
1458 4345 1487 4406 in

288 4444 425 4523 generali
438 4443 660 4507 cenvecaeiene
673 4442 817 4508 nobilium
828 4446 1129 4526 regniTranssilvani
1140 4446 1243 4512 habita
1257 4448 1486 4514 deliberacione
