3150 5092
660 344 761 417 68

658 518 1016 585 multociens
1049 519 1384 584 nominatus
1419 541 1527 584 sua
1559 519 1847 603 gaudebit
1880 531 2052 605 parte
2077 543 2286 587 versus
2306 519 2566 608 Vylok1)
2594 521 2827 608 sylvam
2860 526 3061 585 autem

665 648 936 711 magnam
1008 632 1071 692 et
1121 648 1294 692 usum
1362 629 1697 693 venationis
1754 631 2151 693 communiter
2212 630 2627 713 possidebunt.
2709 629 2794 695 Ut
2860 637 3061 694 autem
3138 639 3140 701 ζ

665 737 840 818 hujus
875 736 965 800 rei
996 736 1191 800 series
1224 736 1390 800 salva
1415 755 1659 819 semper
1691 740 1753 798 et
1782 736 1951 798 firma
1984 744 2386 820 permaneret,
2404 739 2479 802 ad
2511 740 2871 824 petitionem
2904 739 3059 803 utri·
3138 761 3140 775 ²

661 864 852 928 usque
882 845 1072 927 partis
1097 849 1416 927 presentes
1450 845 1865 908 concessimus
1898 844 2131 918 literas,
2175 848 2235 908 in
2283 852 2700 928 argumentum
2746 845 3060 930 amplioris

661 952 802 1016 fidei
857 958 921 1017 et
964 951 1152 1015 robur
1184 956 1478 1034 perpetue
1511 950 1847 1023 firmitatis,
1896 953 2086 1033 sigilli
2118 955 2307 1016 nostri
2352 954 2675 1017 munimine
2709 953 3055 1018 roboratas.

661 1060 871 1124 Datum
951 1079 1107 1122 anno
1185 1058 1395 1139 gracie
1469 1057 1837 1124 Mcchvl.
1911 1058 2142 1124 «Iacobo
2203 1065 2479 1135 cantore,
2536 1063 2707 1135 ¹Acus
2778 1061 3061 1132 custode,

661 1168 1052 1233 Constantino
1085 1167 1314 1231 decano
1349 1167 1769 1230 existentibus.

1752 1345 1944 1414 LXV.

1526 1479 1698 1541 1248,
1737 1481 1827 1534 12.
1864 1481 2198 1550 September.

838 1609 965 1672 Nos
1020 1610 1212 1671 frater
1263 1610 1330 1671 R.
1389 1609 1558 1690 prior
1604 1607 1953 1670 monasterii
1995 1607 2065 1671 S.
2096 1607 2509 1695 Maryarethe
2539 1608 2636 1679 ¹dc
2659 1607 2956 1680 Meo-hes,
3003 1615 3063 1670 et

653 1718 1079 1780 monasterium
1117 1715 1388 1797 ejusdem
1425 1716 1544 1778 loci
1590 1715 1879 1778 memorie
1911 1714 2429 1778 commendamus:
2475 1715 2635 1798 quod
2668 1716 3061 1781 Benedictus

657 1828 729 1888 de
747 1824 1068 1890 Mocholia
1086 1821 1147 1909 ²)
1175 1827 1439 1886 nostram
1464 1824 1716 1887 veniens
1740 1824 1801 1886 in
1824 1825 2212 1906 presentiam,
2241 1843 2351 1887 nos
2379 1823 2581 1887 dehita
2604 1823 2887 1888 adeundo
2912 1843 3059 1906 sup·

657 1933 978 2016 plicatione
1011 1933 1303 2014 exposuit,
1341 1933 1499 2015 quod
1534 1951 1714 2016 quum
1747 1933 1938 1995 frater
1969 1933 2101 2013 ejus
2137 1933 2408 1995 uterinus
2447 1931 2664 1995 Petrus
2700 1936 3053 2014 contempta

653 2048 920 2105 materna
976 2039 1290 2110 divisione,
1343 2039 1497 2102 bona
1553 2039 1743 2121 ipsius
1798 2039 2115 2102 Benedicti
2158 2040 2416 2121 juraque
2459 2039 2952 2122 possessionaria
2996 2040 3053 2100 in

653 2148 1133 2212 advicinantibus
1183 2146 1301 2209 sibi
1348 2145 1879 2230 possessionibus:
1926 2151 2135 2230 utpote
2166 2148 2225 2208 in
2262 2147 2500 2229 Zigeth,
2549 2149 2843 2220 Zamson,
2890 2145 3052 2211 Erk-

653 2256 770 2320 bad
790 2255 848 2344 ⁸)
903 2255 1202 2320 violenter
1255 2260 1654 2338 occupasset,
1714 2259 1775 2318 et
1837 2262 2085 2318 eatenus
2138 2254 2214 2317 ad
2262 2253 2336 2318 D.
2386 2254 2689 2319 Urbanum
2727 2255 3049 2337 vaJvodam

657 2365 916 2447 partium
961 2362 1479 2426 ultrasilvanarum
1513 2361 1935 2443 confugisset,
1965 2363 2100 2444 ipse
2144 2366 2341 2426 autem
2376 2360 2449 2424 D.
2485 2362 2735 2443 vajvoda
2771 2362 3052 2433 dixisset,
3126 2415 3134 2421 .

653 2474 813 2556 quod
860 2492 1043 2536 cause
1094 2471 1236 2535 huic
1293 2475 1490 2534 semet
1533 2470 1857 2533 immittere
1902 2476 2178 2553 nequeat,
2211 2491 2391 2554 quum
2425 2470 2589 2535 dicte
2621 2472 3052 2553 possessiones

657 2586 818 2644 extra
874 2583 1105 2662 portam
1162 2579 1560 2649 mezesinam,
1620 2577 1895 2661 adeoque
1933 2581 2099 2640 extra
2146 2577 2525 2641 auctoritatis
2564 2597 2673 2641 sue
2711 2575 3049 2659 vajVodalis

653 2689 934 2752 ambitum
968 2687 1081 2752 site
1114 2707 1254 2750 esse
1298 2686 1769 2769 comperiantur,
1800 2689 1863 2748 et
1884 2703 2064 2769 quum
2088 2685 2225 2768 ipse
2245 2684 2614 2749 Benedictus
2642 2686 2890 2767 juribus
2923 2687 3048 2750 suis

653 2800 986 2881 damnoque
1044 2795 1456 2863 consulturus,
1512 2796 1712 2876 ipsum
1766 2792 1839 2856 D.
1897 2793 2097 2857 Belam
2153 2812 2364 2874 regem
2422 2791 2719 2858 illustrem
2780 2795 3048 2877 querelis

649 2907 774 2969 suis
807 2905 975 2968 adire
1003 2902 1294 2974 intendat,
1330 2903 1470 2966 hinc
1503 2921 1582 2964 ne
1615 2902 1847 2964 interea
1881 2902 2063 2964 etiam
2095 2902 2399 2965 bominum
2432 2901 2657 2964 malitia
2689 2903 3048 2985 possessio-

653 3035 757 3076 nes
798 3033 939 3077 suas
982 3011 1312 3096 periclitari
1345 3011 1674 3090 contingat,
1710 3028 1895 3093 super
1932 3009 2090 3073 omni
2133 3009 2401 3073 ulteriori
2449 3015 2749 3073 terrarum
2799 3029 3045 3073 suarum

649 3120 1044 3204 occupatione
1079 3124 1141 3182 et
1171 3119 1480 3182 invasione
1513 3118 2013 3200 protestationem
2048 3117 2195 3181 dixit
2238 3117 2433 3201 palam
2467 3135 2671 3181 coram
2704 3116 2909 3188 nobis,
2962 3153 3039 3163 ——

649 3252 765 3316 quo
812 3250 1000 3312 super
1039 3229 1150 3291 has
1195 3231 1432 3290 nostras
1468 3225 1743 3292 dedimus
1778 3226 2221 3290 testimoniales
2251 3226 2477 3289 literas,
2511 3224 2735 3288 Sabato
2769 3226 3044 3307 proximo

649 3344 788 3424 pust
819 3340 1036 3402 festum
1070 3335 1324 3416 virginis
1354 3334 1629 3414 gloriose
1661 3354 1814 3398 anno
1846 3334 2073 3398 domini
2105 3332 2527 3397 MCCXLVIII.

1728 3527 1947 3598 LXVI.

1642 3646 1806 3700 1248.
1835 3645 2039 3699 Yliad.

824 3777 952 3839 Nos
983 3775 1373 3841 Laurentius
1417 3773 1704 3856 wayvoda
1738 3772 2239 3844 Transsilvanus,
2283 3776 2345 3835 et
2390 3791 2594 3836 comes
2628 3773 2706 3836 de
2739 3771 3038 3843 Walkow,

647 3883 926 3948 fidelibus
961 3885 1085 3946 suis
1127 3883 1485 3947 Teutonicis
1527 3882 1597 3944 in
1636 3881 1873 3966 Wynclt
1907 3888 1970 3944 et
2002 3882 2072 3944 in
2101 3879 2477 3968 Buryberyh
2508 3878 3038 3951 commorantibus,

645 3992 900 4056 salutem
946 3997 1008 4055 et
1051 3991 1262 4074 gracie
1307 4009 1415 4052 sue
1461 3989 1911 4071 plenitudinem.
1959 3987 2136 4051 Solet
2168 4007 2435 4051 annuere
2466 3987 2771 4050 celsitudo
2805 3987 3037 4070 prinei—

645 4120 785 4184 pum
839 4098 1023 4180 justis
1071 4097 1464 4181 peticionibus
1530 4101 1593 4158 et
1647 4097 1919 4159 honestis
1988 4095 2311 4159 desideriis
2373 4096 2638 4159 favorem
2694 4094 3035 4159 benivolum

713 4396 758 4455 1)
795 4395 931 4454 Ujlak
964 4395 1024 4440 im
1058 4395 1178 4441 Mitt.
1212 4396 1367 4440 Szoln.
1402 4393 1567 4439 Gemit.

709 4476 758 4535 ⁴¹²)
794 4478 1021 4532 Matsolya
1055 4476 1115 4520 im
1148 4476 1268 4522 Mitt.
1302 4478 1459 4522 Szoln.
1498 4473 1663 4520 comit.

713 4556 760 4614 ³)
795 4558 968 4600 Dssrfer
1000 4555 1060 4599 im
1093 4556 1213 4605 Mitt.
1248 4559 1403 4603 Szoln.
1442 4556 1606 4600 comit.
