3150 5092
344 384 419 457 tot

340 562 487 643 premisso
504 558 660 623 uobiscum
673 558 811 641 diligenti
826 562 964 630 tractatu,
977 565 1007 622 et
1024 563 1127 623 nostro
1143 560 1255 623 adhoc
1272 578 1425 623 consensu
1441 577 1521 623 acco·
1553 539 1554 609 Ῑ

341 666 441 742 dente,
451 666 574 730 meliora
591 666 792 751 prospiciens,
805 666 893 729 talem
909 666 1112 752 possessionis
1124 668 1382 751 permutacionem
1398 665 1522 748 solemp-

340 776 419 838 niter
434 775 611 846 celebrauit,
640 780 673 839 ut
695 774 761 837 data
784 779 865 839 terra
879 774 1114 860 noncedopuor
1133 780 1253 847 uocata,
1273 776 1359 857 juxta
1376 774 1522 838 hlorisium

341 884 393 949 ubi
410 893 479 949 sunt
495 885 554 947 site
571 884 630 949 due
653 884 731 957 ville,
749 903 808 947 una
825 882 948 967 Wyuar
975 884 1108 949 secunda
1130 904 1203 948 uero
1225 884 1346 969 Foludij
1370 884 1522 953 nominata,

339 1000 370 1059 et
398 994 456 1059 due
484 992 617 1057 ecclesie
645 992 779 1077 lapidee,
812 1013 867 1057 rua
896 992 1039 1057 uidelicet
1068 993 1201 1058 ecclesia
1222 994 1252 1058 b.
1281 993 1470 1078 Mychaeb,
1497 998 1523 1057 et

339 1099 432 1167 altera
458 1102 555 1165 sancti
578 1100 705 1185 Georgij
730 1101 880 1183 martyris,
909 1122 926 1165 a
953 1100 1100 1184 predictis
1122 1101 1213 1167 Petro
1236 1102 1356 1173 comite,
1382 1101 1517 1183 magistro

338 1208 439 1282 Saule,
458 1214 487 1273 et
503 1208 635 1293 Nycolao
651 1207 711 1273 tilio
728 1208 847 1273 comitis
863 1208 947 1273 Petri
963 1229 1030 1274 cuno
1046 1209 1182 1274 omnihus
1202 1208 1381 1273 utilitatibus
1404 1217 1435 1272 et
1453 1229 1519 1293 per·

337 1319 488 1392 tinenciis,
503 1323 590 1403 prout
605 1316 695 1381 iidem
712 1336 748 1381 ex
764 1315 930 1382 collacione
947 1318 1030 1401 regis
1042 1317 1187 1403 Stephani
1203 1318 1306 1382 inclite
1319 1318 1477 1390 memorie,
1490 1314 1521 1379 ab

339 1429 458 1513 antiquo
488 1427 664 1511 possedisse
693 1426 930 1509 dignoscuntur,
952 1426 1032 1489 idem
1054 1446 1121 1490 ren.
1142 1432 1228 1511 pater
1248 1427 1407 1511 quamdam
1429 1426 1520 1490 uillam

338 1535 553 1619 episcopalem,
567 1534 654 1599 sitam
668 1535 746 1598 iuxta
762 1534 907 1618 Araoyas,
917 1532 1030 1597 lloihod
1046 1538 1193 1604 uocatam,
1209 1533 1260 1599 ubi
1276 1532 1414 1599 ecclesia
1429 1532 1519 1598 sancti

338 1646 420 1727 regis
429 1642 577 1729 Stephani
591 1648 762 1707 constructa
777 1642 915 1717 hahetur,
928 1664 965 1707 eo
977 1644 1048 1724 jure
1062 1663 1159 1729 eaque
1171 1642 1437 1727 plenitudine,qua
1449 1643 1521 1706 idem

339 1753 474 1819 dominus
491 1754 663 1836 episcopus,
681 1757 711 1817 et
727 1752 774 1816 sui
797 1752 1044 1836 predecessores,
1071 1754 1101 1816 in
1119 1752 1335 1837 temporalibus
1355 1752 1523 1837 possedisse

325 1861 567 1945 dignoscuntur,
593 1860 820 1925 similitercum
837 1860 972 1927 omnihus
990 1860 1168 1926 utilitatibus
1185 1866 1216 1925 et
1230 1860 1432 1945 pertinenciis
1453 1858 1517 1931 suis,

337 1971 367 2035 in
396 1969 600 2035 concambium
626 1969 727 2043 dedit,
750 1976 781 2034 et
802 1971 857 2036 suh
885 1970 972 2036 titulo
997 1970 1229 2055 permutacionis
1257 1970 1330 2033 uiris
1359 1968 1518 2051 assignarit

339 2079 499 2143 antedictis
516 2082 546 2143 iu
563 2079 693 2143 heredes
706 2078 852 2142 heredum
868 2085 900 2143 et
915 2079 992 2143 filios
1016 2078 1143 2143 tiliorum
1166 2077 1415 2143 inreuocabiiiter
1431 2075 1521 2161 possi·

337 2187 475 2261 dendam,
500 2186 671 2269 hujusmodi
695 2225 737 2235 -
759 2225 798 2233 -
818 2225 857 2236 -
876 2188 999 2252 -ario
1022 2186 1194 2253 introducto
1219 2194 1251 2251 et
1265 2185 1332 2250 utili
1355 2185 1520 2250 conditione
1553 2271 1554 2282 ἵ

337 2297 460 2370 inserta,
477 2296 557 2384 quod
578 2298 604 2361 si
626 2297 684 2361 ullo
711 2317 840 2382 unquam
861 2302 1008 2381 tempore,
1032 2295 1213 2381 episcopalis
1235 2293 1367 2379 dignitas
1385 2294 1436 2359 uel
1452 2294 1519 2357 alius
1553 2285 1554 2305 ¹

337 2408 456 2471 nomine
468 2407 544 2480 eius,
554 2413 605 2469 aut
619 2405 718 2491 aliquo
729 2406 866 2491 legitimo
882 2428 966 2480 casu,
982 2428 1038 2493 per
1053 2427 1119 2473 eam
1134 2405 1305 2491 possidens,
1314 2406 1441 2470 racione
1457 2423 1522 2489 pos·

338 2516 485 2583 sessionis
507 2537 562 2599 per
584 2537 649 2579 com
673 2555 709 2563 -
726 2554 769 2564 —
786 2554 830 2563 -
850 2516 972 2581 Saulum
994 2518 1115 2581 tratrem
1133 2515 1279 2590 eiusdem,
1302 2519 1332 2577 et
1348 2514 1519 2595 magistrun

334 2625 517 2709 Nycolaum,
547 2625 637 2688 tilium
665 2626 760 2707 ipsius
794 2624 911 2690 comitis
938 2625 1039 2698 Petri,
1071 2625 1100 2687 in
1126 2624 1333 2689 concambium
1362 2624 1520 2704 assignate,
1553 2653 1554 2682 r

336 2736 480 2799 suscitata
497 2735 621 2798 materia
638 2735 804 2819 questionis
820 2755 876 2818 per
887 2734 1055 2819 quempiam
1078 2734 1174 2797 iuius
1196 2736 1366 2801 vocaretur,
1391 2737 1424 2794 et
1446 2730 1518 2794 idem
1553 2711 1554 2726 ¹

337 2845 473 2909 dominus
497 2844 676 2927 episcopus,
697 2845 745 2910 uel
770 2845 835 2909 eius
851 2864 1067 2916 successores,
1089 2843 1126 2907 ad
1144 2842 1347 2907 sustinendam
1370 2841 1471 2911 litem,
1493 2845 1519 2901 et

334 2953 371 3016 ad
399 2952 617 3017 defendendam
645 2953 740 3039 ipsam
770 2954 1011 3037 possessiouem,
1039 2956 1104 3017 iure
1131 2958 1162 3016 et
1195 2954 1281 3035 regni
1306 2947 1518 3014 consuetudine

333 3066 455 3127 uetante
471 3081 506 3124 se
522 3060 750 3126 insufficientem
767 3061 931 3135 iudicaret,
956 3084 992 3126 ex
1013 3066 1085 3125 tunc
1108 3060 1215 3124 Petrus
1232 3078 1350 3131 comes,
1380 3058 1518 3139 magister

333 3170 458 3243 Saulus,
482 3174 512 3234 et
535 3170 678 3251 magister
701 3169 845 3234 Nicolaus
877 3170 1028 3254 prelibati,
1049 3190 1107 3233 nec
1131 3188 1186 3232 nou
1211 3173 1242 3231 et
1258 3185 1365 3230 eorum
1381 3164 1515 3230 heredes,

334 3282 483 3364 tamquam
508 3276 711 3360 expeditores,
736 3278 772 3342 ad
799 3278 983 3344 liberandum
1005 3278 1242 3361 possessionem,
1266 3280 1297 3338 et
1312 3270 1514 3338 ecclesiamiu
1553 3313 1554 3366 3

333 3386 457 3471 pacifica
486 3386 679 3471 possessione
705 3388 860 3464 tuendam,
886 3385 1019 3472 proprijs
1042 3384 1213 3455 laboribus,
1241 3388 1271 3447 et
1295 3383 1455 3466 expensis,
1480 3375 1513 3441 ad

333 3496 559 3581 requisitionem
588 3494 719 3559 ecclesie
743 3515 906 3559 occurrere
928 3496 1096 3559 teneantur.
1129 3493 1171 3557 Ad
1197 3492 1275 3555 idem
1307 3490 1513 3556 attendendum

333 3603 562 3675 obseruandum,
579 3608 694 3687 aparte
711 3603 815 3676 altera,
833 3602 911 3666 dom.
932 3592 1105 3687 episcopus,
1129 3621 1163 3665 se
1179 3601 1276 3685 ipsum
1297 3604 1329 3664 et
1344 3600 1376 3663 in
1392 3615 1511 3684 persona

332 3734 385 3777 sua
409 3714 583 3797 dignitatern
612 3712 815 3796 episcopalem
844 3711 935 3775 simili
959 3710 1128 3775 conditione
1157 3710 1303 3773 astrinxit.
1334 3707 1399 3772 Hoc
1429 3704 1511 3770 nihil·

334 3822 447 3885 ominus
466 3821 595 3903 adjecto,
614 3826 647 3884 ut
671 3820 697 3884 si
715 3820 881 3904 possessio,
905 3840 921 3882 a
944 3819 1053 3883 comite
1074 3818 1175 3890 Petro,
1198 3816 1306 3893 Saulo,
1328 3821 1360 3879 et
1382 3813 1506 3899 Nycolao

331 3931 500 4013 magistris,
532 3928 599 3993 data
622 3948 678 4012 per
698 3930 798 4012 ipsos,
825 3928 873 3992 rel
900 3949 956 4012 per
977 3926 1109 3991 heredes
1129 3926 1289 3997 heredum,
1312 3925 1343 3989 in
1367 3921 1507 4008 premisso

331 4040 520 4127 necessitatis
539 4035 661 4101 articulo
678 4057 735 4100 non
752 4041 859 4122 posset
874 4036 1037 4109 defensari,
1053 4041 1124 4100 tunc
1141 4035 1210 4100 silla
1228 4032 1361 4099 ecclesie
1383 4028 1510 4114 superius

333 4150 480 4212 nominata
496 4147 526 4210 in
542 4146 588 4209 ius
611 4150 641 4209 et
663 4148 876 4229 proprietatem
892 4143 1035 4217 ecclesie,
1060 4150 1173 4208 etcum
1197 4142 1373 4224 integritate
1395 4138 1509 4204 rediret.

332 4255 389 4338 Qui
400 4254 521 4341 quidem
532 4274 634 4318 comes
647 4256 765 4326 Petrus,
776 4252 884 4317 Saulus
897 4252 1086 4339 etNycolaus
1099 4252 1244 4334 magistri,
1255 4257 1315 4313 tam
1327 4245 1508 4333 priuilegium

328 4366 411 4447 regis
429 4363 591 4448 Stephani,
606 4364 801 4428 donacionem
819 4364 991 4435 continens,
1014 4382 1101 4447 quam
1118 4359 1229 4424 domini
1246 4359 1365 4424 Andree
1389 4350 1505 4419 illustris

329 4473 414 4554 regis
431 4471 563 4551 Vngarie
586 4471 856 4543 confirmatorium,
880 4468 1077 4536 mediantibus
1102 4468 1209 4553 quibus
1232 4471 1344 4531 terram
1363 4462 1501 4551 possede-

329 4584 398 4644 runt
421 4579 585 4663 predictam
603 4580 736 4646 manibus
763 4580 874 4644 domini
894 4578 1027 4665 episcopi
1049 4578 1250 4661 assignarunt,
1272 4596 1329 4659 per
1344 4596 1400 4639 nus
1415 4580 1501 4638 tamen
1553 4651 1554 4667 1
