3150 5092
372 342 446 421 auu

365 517 426 591 titio
443 516 569 601 Georgii
586 519 712 602 vajuade
727 519 866 590 similiter
885 522 1055 606 degenere
1072 522 1176 595 Barsa,
1192 521 1232 589 de
1244 521 1328 605 juxta
1343 520 1444 593 dimas
1457 523 1531 607 pari·

365 626 421 698 lice
443 628 658 713 possederunt,
681 628 768 713 cuius
789 634 871 697 terro
895 629 1085 701 medietatem
1104 629 1201 715 primo
1219 631 1388 715 portionem
1406 630 1536 699 videlicet

362 737 445 821 ipsos
469 740 708 821 contingentem,
729 738 859 824 predicti
882 739 1013 811 Thomas
1034 745 1065 806 et
1087 739 1255 825 Nycolaus,
1277 739 1445 813 venembiti
1459 739 1534 824 ‚patri

362 845 451 913 Petro
467 846 516 911 dei
531 846 634 929 gracia
655 848 798 933 episcopo
821 847 1036 915 'l'raossiluanu
1052 853 1083 913 ot
1097 869 1155 934 per
1170 867 1236 915 eum
1251 847 1388 916 ecclesie
1403 868 1467 921 sue
1483 867 1531 932 pro

365 960 448 1021 certa
474 957 638 1041 moralitate
664 959 795 1043 pecunie
820 957 1026 1033 vendiderunt,
1054 956 1224 1027 volentibus
1249 956 1325 1041 ipsis
1353 956 1485 1028 Tuoma.
1509 960 1534 1024 et

365 1062 497 1147 Nycotao
525 1064 662 1147 cognatis
685 1065 764 1159 suis,
784 1070 935 1133 annuente
961 1070 992 1134 et
1013 1065 1167 1149 Stephano
1191 1066 1300 1134 comite
1315 1065 1380 1133 filio
1398 1063 1532 1150 (lymbo

366 1172 452 1255 cujus
480 1174 567 1258 patre
592 1178 674 1241 terra
701 1174 826 1243 eandem
852 1176 883 1239 in
911 1174 1097 1259 empciooem
1123 1179 1316 1259 provenerat,
1347 1195 1408 1247 nec,
1436 1192 1493 1245 uun
1511 1177 1536 1238 et

368 1280 511 1365 magistro
527 1280 603 1363 Elija
618 1280 679 1353 filio
696 1281 827 1360 mutuo,
842 1303 879 1351 ao
894 1284 960 1355 aliis
975 1282 1168 1355 cometaocis,
1185 1288 1215 1348 et
1229 1282 1335 1347 vicinis
1348 1280 1536 1351 consensien-

367 1391 456 1466 tibus,
473 1390 610 1457 uendidit
625 1412 726 1462 coram
742 1394 842 1467 nobis,
857 1393 915 1479 ipsi
930 1394 1097 1465 venerabili
1110 1395 1199 1481 patri,
1212 1399 1242 1458 et
1255 1414 1311 1477 per
1325 1414 1397 1460 eum
1420 1391 1535 1458 ecclesie

366 1520 430 1574 ore,
443 1520 497 1585 pro
514 1500 672 1572 duodecim
688 1503 798 1571 marcis
814 1503 949 1586 plenarie
966 1504 1098 1587 receptis
1115 1500 1152 1569 ab
1164 1502 1270 1568 eodem
1285 1509 1459 1587 terramque
1474 1520 1534 1565 ean·

368 1608 434 1675 dam
454 1608 510 1676 sub
529 1609 642 1677 eisdem
659 1611 746 1679 metis
764 1615 796 1677 et
811 1612 955 1686 terminis,
978 1612 1087 1697 quibus
1108 1611 1342 1698 predecessores
1359 1609 1456 1695 ipsius
1470 1629 1533 1673 nos·

364 1724 472 1785 cuntur
488 1717 673 1802 possedisse,
690 1738 791 1787 coram
807 1719 988 1787 cometaneis
1000 1722 1139 1803 nuperius
1156 1722 1324 1793 nominatis,
1346 1719 1436 1786 nobis
1451 1718 1533 1783 eciam

365 1826 574 1914 presentibus,
601 1830 651 1918 qui
677 1829 713 1895 ad
740 1830 917 1897 instanciam
943 1829 1077 1913 parcium
1105 1831 1142 1897 ad
1168 1830 1279 1896 faciem
1299 1829 1441 1913 predicte
1464 1833 1533 1892 terre

364 1934 553 2009 accedentes,
570 1937 772 2019 assignacioni
785 1940 1002 2022 possessionis,
1017 1939 1204 2007 interfuimus
1220 1939 1367 2022 sepefato,
1383 1936 1533 2019 assignavit

362 2046 421 2129 ipsi
436 2046 600 2115 venerabili
621 2047 709 2132 patri,
731 2067 820 2133 quem
834 2047 865 2115 in
882 2046 1106 2132 possessionem
1129 2046 1285 2131 pacificam
1312 2043 1529 2115 introducendo,

363 2160 540 2238 perpetuum
557 2156 585 2219 ei
601 2155 759 2225 dominium
776 2155 860 2225 dedit
875 2160 906 2224 st
921 2156 1089 2228 concessit,
1111 2154 1279 2221 abdicando
1295 2176 1312 2219 a
1328 2176 1365 2219 se
1380 2174 1467 2219 omne
1485 2153 1532 2223 ios,

363 2263 441 2349 quod
457 2263 586 2332 habebat
601 2265 630 2331 iu
642 2267 835 2348 possessione
847 2263 1004 2349 prelibata.
1029 2263 1087 2347 Qui
1106 2264 1227 2349 quidem
1243 2263 1338 2350 Gyvla
1354 2262 1492 2350 promisit
1508 2264 1533 2324 ct
1553 2347 1554 2351 Ἰ

365 2373 525 2458 assumpsit
539 2370 619 2457 quod
635 2372 661 2439 si
677 2372 736 2437 ullo
753 2392 881 2459 unquam
896 2377 1044 2457 tempore,
1063 2374 1129 2457 ipsa
1144 2377 1227 2442 terra
1250 2393 1306 2456 per
1322 2391 1392 2438 eum
1408 2371 1531 2439 alienate
1553 2356 1554 2386 ³

364 2485 394 2547 et
409 2480 540 2553 uendita,
566 2501 620 2567 per
644 2481 811 2567 quempiam
833 2482 863 2548 io
880 2482 1065 2567 questionem
1082 2481 1210 2549 deducta
1229 2482 1329 2558 luerit,
1340 2482 1441 2565 ipsum
1453 2498 1531 2551 vene

362 2589 486 2654 rabilem
501 2594 625 2673 patrem,
635 2590 684 2658 uel
694 2591 759 2674 ejus
767 2611 962 2658 successores
973 2592 1105 2676 propriis
1112 2590 1265 2663 laboribus
1273 2592 1336 2655 suis
1350 2596 1383 2654 et
1394 2587 1531 2674 expensis,
1552 2610 1553 2613 ¹

362 2697 511 2767 tenebitur
527 2698 685 2783 expedire,
702 2705 732 2766 et
748 2701 778 2768 in
793 2699 919 2784 pacifica
931 2702 1126 2784 possessione
1141 2721 1310 2765 reseruare.
1331 2699 1372 2763 Et
1388 2704 1421 2763 ut
1436 2697 1528 2761 buius·

363 2807 443 2873 modi
455 2808 605 2880 vendicio,
621 2813 652 2877 et
668 2809 784 2891 empcio
799 2807 891 2874 robur
908 2810 1040 2894 optineat
1061 2814 1209 2895 perpetue
1233 2806 1390 2880 firmitatis,
1416 2827 1472 2871 nco
1487 2823 1530 2889 per

362 2917 486 3002 aliquam
503 2921 617 3005 partem
635 2916 805 2999 hujusmodi
822 2924 993 2989 contractus
1009 2917 1142 2987 rescindi
1156 2918 1268 2990 voleat,
1284 2916 1422 3003 partibus
1436 2919 1529 3001 peteo·

360 3024 440 3093 tibus
464 3025 580 3092 litteras
602 3030 720 3095 nostras
742 3028 961 3100 concessimus,
982 3028 1090 3113 sygillo
1112 3029 1215 3096 nostro
1232 3028 1369 3091 munitas.
1386 3024 1490 3097 Datum
1507 3021 1530 3086 in

361 3133 440 3204 testo
456 3133 539 3203 beati
554 3132 661 3203 iacobi
677 3135 818 3219 apostoli,
839 3137 921 3206 Anno
938 3136 1047 3203 domini
1063 3136 1174 3201 ll⁰CC⁰
1188 3133 1381 3217 nonagesimo
1398 3134 1504 3219 quinto.

877 3305 1027 3376 cxcvii.

811 3442 891 3504 raas,
910 3442 953 3495 aa.
973 3442 1084 3512 algua

450 3535 512 3600 Nos
528 3536 688 3620 capitulum
705 3534 845 3599 Albensis
861 3536 991 3600 ecclesie
1014 3536 1044 3600 b.
1069 3533 1224 3600 Michaelis
1247 3530 1423 3615 archangeli
1446 3530 1526 3592 Tran-

360 3644 558 3730 sylvanensis.
584 3643 794 3727 Significamus
817 3646 977 3719 universis,
995 3643 1104 3729 quibus
1127 3643 1256 3728 expedit,
1279 3639 1459 3725 presentium
1481 3654 1526 3721 per
1550 3663 1551 3666 ¹

359 3758 502 3817 tenorem.
528 3752 612 3834 Quod
630 3773 695 3817 cunr
712 3752 857 3833 magister
880 3753 1042 3825 liniacus,
1062 3772 1162 3816 comes
1178 3770 1298 3816 camere
1321 3744 1523 3825 dominiregis,
1550 3811 1551 3816 ,

360 3868 392 3926 ot
413 3863 452 3926 de
468 3862 633 3925 Rectercce
647 3881 703 3945 per
718 3861 864 3926 dominura
877 3881 980 3943 regem
997 3866 1173 3945 procurator
1188 3858 1393 3945 possessionis
1404 3848 1524 3936 zerem)
1550 3863 1551 3866 ’

358 3970 512 4035 institutus
534 3969 571 4033 ad
598 3967 841 4036 reambuiandum
867 3975 978 4033 terram
1001 3970 1114 4043 Zetes,
1145 3973 1233 4054 prout
1256 3967 1347 4042 moris
1374 3968 1521 4044 astatque

358 4080 449 4164 juris,
474 4099 542 4144 cum
568 4079 689 4145 bomine
716 4078 827 4143 domini
851 4080 933 4162 regis
955 4084 987 4143 et
1006 4084 1110 4143 nostro
1131 4078 1330 4147 accessisset,
1348 4079 1380 4140 et
1393 4070 1521 4160 quandam
1549 4061 1550 4102 i

360 4190 536 4275 particulam
560 4193 643 4253 terre
666 4186 781 4273 Godym
799 4194 914 4262 vocate,
930 4209 989 4274 que
1009 4188 1174 4270 vulgariter
1189 4182 1425 4271 ltingylkirrha)
1441 4179 1520 4245 uoni-

358 4305 443 4365 natur
467 4299 505 4364 ad
526 4301 619 4383 ipsam
644 4298 867 4383 possessionem
891 4298 988 4363 Zekes
1011 4305 1153 4385 spectare
1173 4302 1349 4364 constanter
1372 4291 1516 4363 assereret
1549 4343 1550 4419 1

389 4504 413 4567 ¹)
430 4507 534 4552 Zelesclr
551 4504 579 4549 iro
596 4505 710 4553 unteralb.
727 4503 808 4550 comit.

386 4586 412 4648 ⁸)
429 4586 609 4647 liingellairclaen
624 4587 655 4633 im
671 4586 786 4632 nataralb.
803 4586 887 4634 comit.
