3150 5092
1239 318 1288 392 57

95 495 369 559 rice-cancellarii.
395 497 478 558 Anno
502 496 651 560 dominice
674 497 889 560 incarnationis
911 497 1070 561 millesimo
1086 496 1291 559 ducentesimo

94 603 251 684 trigesimo
274 604 377 668 tertio.
402 604 481 668 Pous
506 605 766 678 tharernicorum,
799 606 921 669 Andrea
943 604 1006 667 lilio
1032 603 1180 687 Stephani
1205 605 1292 688 dapi-

93 712 240 782 ferorum,
257 711 359 782 Belus,
378 712 440 777 lilio
457 712 528 776 Otlu
544 714 766 796 pincernarum,
791 713 853 777 tilio
870 713 975 776 Solum
993 731 1158 794 agasonum
1174 718 1294 776 nostro-

93 839 160 881 rum
192 820 389 900 magistratus
417 819 600 885 tenentibus.
638 821 775 886 Dionisio
804 843 872 886 cum
900 841 1008 904 magno
1037 841 1111 883 nasu
1134 819 1289 904 waywoda

92 929 255 990 existente.

664 1113 729 1182 LV.

466 1246 546 1310 laon,
567 1247 609 1300 ll.
631 1247 756 1301 October.
776 1247 925 1302 Perusia.

186 1357 357 1440 Gregorius
374 1391 418 1404 -
434 1358 606 1440 patriarche
628 1359 813 1442 Aquileensi,
834 1395 879 1405 —
901 1364 933 1421 et
956 1358 1186 1440 archiepiscopo
1209 1357 1291 1420 Stri-

89 1465 246 1546 gonisnsi.
286 1463 399 1528 Dilecti
417 1464 481 1538 lilii,
505 1466 650 1546 magister
674 1471 704 1528 et
726 1467 836 1530 fratres
852 1466 1009 1549 hospitalis
1031 1467 1066 1530 S.
1084 1466 1191 1531 Mario
1212 1466 1291 1529 Teu-

89 1574 271 1644 tonicorom
291 1573 397 1636 humili
414 1573 499 1637 nohis
516 1577 547 1636 et
567 1575 689 1638 instanti
716 1575 935 1659 conquestione
960 1580 1179 1637 monstrarunt:
1211 1573 1291 1656 quod

91 1701 162 1744 cum
191 1681 388 1744 charissimus
412 1681 442 1743 in
469 1681 588 1744 Christo
621 1681 699 1746 lilius
722 1688 830 1746 noster
854 1685 888 1746 Α.
913 1682 1066 1765 llungarie
1089 1703 1142 1745 rex
1164 1682 1291 1744 illustris

90 1809 198 1854 eorum
226 1789 327 1852 domui
349 1793 461 1852 terram
476 1792 579 1854 Borre
601 1792 650 1873 pia
674 1791 853 1856 liberalitate
873 1792 1027 1864 donasset,
1049 1791 1129 1855 sicut
1144 1791 1175 1852 in
1195 1790 1292 1872 ipsius

90 1901 258 1984 privilegio
286 1920 376 1963 aurea
398 1900 478 1963 hulla
500 1903 612 1964 munito
635 1900 725 1984 plene
748 1899 958 1982 perspeximus
979 1898 1139 1970 contineri,
1161 1898 1221 1980 ipsi
1236 1917 1292 1981 pro
1367 1953 1371 1958 .

91 2008 224 2071 colenda
241 2011 273 2071 st
293 2007 453 2072 munienda
474 2013 557 2070 terra
579 2008 695 2078 eadem,
717 2026 774 2089 per
798 2025 886 2090 quam
902 2004 1043 2069 Cumanis
1064 2026 1192 2088 regnum
1209 2008 1294 2069 Hun-

89 2117 179 2196 garie
202 2116 407 2199 multipliciter
430 2113 674 2199 perturbantibus
697 2114 843 2199 frequens
868 2116 1008 2178 introitus
1025 2120 1057 2177 et
1082 2114 1179 2178 exitus
1196 2113 1293 2177 habe·

92 2225 194 2294 batur,
219 2243 410 2288 numerosam
427 2226 586 2306 pecuniam
611 2222 835 2306 expenderunt,
867 2223 909 2286 ihi
931 2243 998 2286 cnm
1018 2222 1111 2287 multo
1132 2222 1238 2286 labore
1261 2230 1293 2287 et

91 2331 211 2415 proprii
228 2331 377 2395 effusione
394 2333 512 2394 cruoris
530 2333 663 2416 quinque
679 2336 779 2394 eastra
803 2331 891 2393 sortis
914 2332 1107 2395 exstruendo.
1133 2330 1196 2394 Sed
1218 2328 1293 2394 lieet

92 2438 174 2502 idem
201 2458 255 2501 rex
277 2439 391 2502 eisdem
416 2444 527 2502 terram
545 2441 732 2511 abstulisset,
750 2438 875 2502 candem
892 2440 986 2522 ipsam
1007 2441 1130 2504 tandem
1145 2442 1291 2512 restituit,

92 2553 124 2611 ut
150 2546 299 2618 debebat;
328 2547 399 2632 quin
429 2548 518 2610 ctiam
550 2569 605 2632 pro
631 2548 912 2630 recompensatione
929 2548 1104 2610 damnorum
1122 2548 1197 2629 ipsis
1214 2546 1291 2609 ultra

93 2661 213 2718 montes
231 2654 341 2718 nivium
355 2661 469 2737 partem
487 2654 613 2718 eontulit
630 2654 784 2726 Cumanis,
802 2655 832 2716 in
849 2674 907 2738 qna
924 2675 991 2718 enm
1007 2655 1291 2734 iidemmagisteret

90 2765 205 2827 fratres
237 2771 368 2826 cestrum
396 2762 627 2825 munitissimum
651 2764 907 2833 construxissent,
936 2761 1062 2826 Cumani
1085 2762 1240 2844 perterriti
1262 2767 1292 2824 et

92 2871 254 2942 dolentes,
284 2871 432 2933 ademtam
451 2871 509 2934 sibi
525 2873 682 2953 ingressus
705 2876 735 2934 ct
757 2873 853 2933 exitus
883 2869 1073 2940 facultatem,
1105 2875 1291 2951 congregata

90 2979 211 3059 ingenti
227 2979 413 3042 multitudine
439 2979 637 3046 bellatorum,
667 2980 777 3042 fratres
805 2977 878 3040 inibi
902 2983 1121 3040 commorantes
1143 2977 1294 3040 hostiliter

95 3087 241 3169 aggressi
265 3087 402 3158 fuerunt;
426 3087 481 3149 scd
508 3086 626 3150 domino
651 3088 833 3170 propitiante
857 3086 978 3156 devicti,
990 3086 1109 3149 confusi
1126 3091 1157 3148 et
1167 3085 1294 3147 reveriti
1322 3163 1327 3172 ι

94 3195 296 3266 destiterunt,
324 3195 500 3276 quinetiam
524 3195 643 3276 quidam
667 3215 703 3256 cx
724 3193 783 3256 illis
801 3194 891 3257 dictis
908 3195 1050 3258 fratribus
1067 3215 1101 3257 se
1118 3192 1292 3263 reddentes,

92 3323 163 3366 cum
184 3301 328 3365 uxoribus
353 3305 384 3364 ct
408 3302 539 3384 parvulis
563 3302 600 3364 ad
628 3301 770 3384 baptismi
796 3303 927 3382 gratiam
952 3303 1155 3366 convolarunt.
1181 3302 1217 3363 nt
1242 3321 1294 3363 rex

93 3409 254 3493 predictus
269 3415 381 3474 terram
397 3409 493 3492 ipsam
511 3411 686 3491 ingrediens
709 3409 879 3493 cultamque
903 3412 1094 3493 prospiciens
1118 3409 1229 3471 fratres
1252 3408 1291 3470 de

94 3525 191 3588 terra,
215 3519 259 3581 eis
282 3539 340 3600 pcr
362 3517 465 3580 sedem
488 3518 681 3600 apostolicam
700 3517 883 3589 confirmata,
901 3523 932 3580 et
948 3515 1003 3580 suh
1020 3516 1086 3596 ejus
1102 3517 1292 3599 protectione

92 3630 252 3707 suscepta,
270 3625 384 3709 expulit
400 3627 546 3690 violenter
563 3647 621 3689 non
635 3625 749 3710 absque
771 3645 893 3688 remane
915 3625 1046 3688 ecclesie
1068 3625 1175 3687 iniuria
1198 3626 1292 3686 mani-

91 3734 191 3802 festa,
214 3753 281 3796 cum
307 3733 411 3796 eadem
433 3739 513 3798 terra
539 3735 649 3797 nullum
672 3738 776 3817 preter
799 3735 961 3797 Romanum
981 3732 1155 3816 pontificem
1177 3730 1292 3797 hahens
1399 3772 1401 3776 ·

92 3842 290 3924 episcopum,
320 3841 367 3903 vel
394 3842 579 3924 praelatum,
618 3843 714 3904 eidem
746 3841 880 3904 ecclesie
916 3842 1067 3905 censualis
1100 3843 1219 3904 existat.
1255 3842 1293 3905 ut

91 3949 229 4034 quamvis
245 3949 296 4030 pie
314 3949 457 4012 memorie
474 3949 508 4012 H.
526 3970 614 4032 papa,
631 3949 838 4033 predecessor
854 3953 967 4021 noster,
981 3968 1016 4011 ac
1032 3967 1088 4010 nos
1104 3950 1292 4032 postmodum

90 4057 209 4141 pluries
227 4058 364 4140 predicto
381 4059 446 4137 regi
464 4057 646 4120 affectuosas
663 4076 773 4139 preces
791 4061 822 4118 et
837 4059 948 4119 monita
972 4056 1129 4137 diligentia
1145 4057 1293 4120 direxeri-

90 4185 171 4238 mus,
188 4169 220 4227 nt
236 4167 281 4227 eis
299 4164 468 4227 liberaliter
483 4165 628 4228 redderet
649 4169 761 4228 terram
783 4165 890 4246 ipsam,
914 4183 1100 4247 nequaquam
1116 4169 1216 4226 tamen
1233 4165 1291 4227 tui·

90 4293 158 4336 mns
176 4273 324 4342 exauditi;
354 4273 424 4357 quin
447 4274 548 4356 potius
568 4275 635 4355 ipse
658 4273 806 4354 magister
823 4271 859 4333 ad
876 4272 1059 4353 presentiam
1088 4272 1171 4351 regis
1187 4272 1217 4334 in
1235 4292 1290 4353 spe
1397 4292 1400 4296 ·

89 4384 231 4450 vocatus,
264 4379 412 4443 accedens
443 4382 606 4443 frustratus
638 4380 743 4452 rediit,
783 4380 926 4459 fatigatus
952 4379 1052 4442 multis
1084 4377 1236 4441 laboribus
1260 4386 1291 4442 et

89 4488 253 4571 expensis,
279 4488 354 4582 alias
384 4487 470 4551 domo
503 4509 556 4552 sua
589 4490 715 4572 propter
742 4489 800 4550 hoc
826 4488 927 4550 attrita
952 4487 1042 4550 variis
1066 4492 1097 4550 et
1119 4486 1292 4550 enormibus
