3150 5092
311 341 361 412 22

308 531 484 595 personam,
507 513 562 575 tibi
584 511 621 575 ab
644 511 719 593 ipsis
741 510 885 573 fratribus
901 513 1119 592 presentatam‚
1150 508 1218 572 rice
1235 510 1337 571 nostra
1353 505 1384 566 in
1402 503 1508 566 archi·

309 618 521 704 presbyterum
538 619 585 683 vel
604 619 750 682 decanum
774 616 914 700 proficias
931 617 1053 680 clericis
1070 615 1241 679 antedictis.
1275 614 1385 676 Datum
1414 613 1511 674 Late-

306 728 381 800 rani,
398 728 437 792 XI
452 728 519 790 idus
535 727 680 799 ianuarii,
697 725 890 809 pontificatus
908 727 1002 788 nostri
1019 745 1095 786 auno
1112 723 1173 788 Vll.

865 959 947 1032 XXI.

738 1132 818 1196 1223,
838 1133 882 1186 lb.
900 1135 964 1188 Dec.
983 1134 1076 1187 Rom.
1138 1162 1145 1172 ·

398 1259 607 1324 Honorius-
630 1262 779 1347 episeopo
805 1262 1034 1345 Vltroapluano.
1059 1297 1103 1308 -
1135 1257 1221 1340 Quod
1246 1258 1349 1323 dilecti
1382 1257 1438 1322 filii
1461 1296 1506 1306 —

307 1367 470 1449 magister,
500 1372 531 1431 et
547 1371 673 1452 fratres
688 1370 797 1433 domus
817 1369 853 1433 S.
870 1371 974 1435 Maria
1000 1369 1240 1433 Teutonicorum
1262 1373 1383 1430 terram
1406 1369 1506 1439 Boze,

308 1481 338 1538 et
355 1475 562 1540 ultramontes
585 1476 695 1539 niuium
720 1479 846 1559 propter
862 1496 1048 1559 paganorum
1072 1474 1203 1538 insultus
1219 1479 1335 1537 vastam
1351 1472 1506 1559 usquead

307 1585 438 1668 proxima
455 1588 591 1666 tempora
615 1589 645 1646 et
666 1583 829 1656 desertam,
847 1585 967 1647 nouiter
981 1582 1151 1647 inhabitare
1174 1586 1349 1665 coeperunt,
1369 1583 1507 1665 ipsorum

306 1709 490 1773 paganorum
505 1691 618 1773 impetu
634 1711 692 1754 non
710 1692 774 1753 siue
791 1692 882 1754 multo
900 1690 1073 1754 discrimine
1095 1690 1258 1762 refrenato,
1283 1690 1328 1751 eis
1350 1688 1388 1752 ad
1409 1689 1506 1753 meri-

306 1802 380 1869 tum,
398 1795 485 1860 nobis
514 1798 551 1861 ad
579 1797 731 1876 gaudium,
749 1803 780 1860 et
796 1798 851 1861 toti
866 1797 977 1881 populo
1003 1796 1173 1860 Christiano
1197 1796 1336 1880 prouenit
1358 1795 1395 1859 ad
1426 1814 1504 1878 pro·

306 1905 434 1975 fectum,
472 1909 596 1988 propter
622 1905 701 1988 quod
729 1905 789 1990 ipsi
819 1907 930 1968 fratres
954 1908 985 1967 et
1008 1902 1224 1967 inhabitatores
1256 1908 1340 1966 terre
1362 1902 1505 1986 predicte

307 2032 366 2075 non
399 2016 468 2074 sunt
499 2013 668 2077 lacessendi
689 2013 824 2094 injuriis,
850 2012 904 2075 sed
935 2011 1090 2076 beneficiis
1123 2010 1320 2082 confouendi;
1353 2016 1504 2094 qnatenus

306 2139 447 2183 numerus
463 2118 606 2192 fidelium,
624 2125 735 2183 terram
751 2122 848 2204 ipsam
865 2119 1101 2188 inhabitantium,
1130 2118 1168 2181 ad
1189 2138 1374 2201 paganorum
1399 2123 1504 2181 terro-

308 2245 382 2296 rem,
401 2229 433 2288 et
449 2227 678 2291 christianitatis
696 2227 873 2300 subsidium,
889 2224 1022 2290 feliciter
1037 2231 1192 2308 augeatur.
1211 2226 1283 2289 Cum
1301 2230 1400 2288 autem
1419 2231 1506 2288 terra

304 2333 371 2416 ipsa
399 2333 565 2397 secundum
587 2334 789 2416 indulgentias
814 2334 902 2398 dictis
925 2333 1070 2397 fratribus
1088 2332 1125 2396 ab
1142 2333 1307 2417 apostolica
1326 2351 1505 2410 concessas,

305 2438 415 2503 nullum
439 2445 542 2525 preter
570 2441 732 2505 Romanum
756 2443 949 2526 pontificem,
978 2443 1153 2526 episcopum
1181 2442 1328 2512 habeant,
1356 2441 1405 2504 vel
1428 2463 1505 2526 pre-

303 2547 409 2620 latum,
438 2553 487 2621 tu,
514 2550 594 2613 sicut
616 2569 719 2614 eornm
746 2550 832 2614 uobis
850 2552 1026 2634 conquestio
1042 2551 1205 2634 patefecit,
1233 2551 1263 2613 in
1279 2570 1313 2611 ea
1329 2549 1384 2613 tibi
1405 2551 1505 2632 juris-

303 2654 463 2718 dictionem
482 2655 656 2736 indebitam
684 2677 830 2740 vsurpare
858 2657 1059 2730 contendens,
1098 2657 1287 2740 presbiteros
1311 2662 1341 2720 et
1363 2657 1498 2720 clericos

303 2764 397 2846 ipsius
421 2768 505 2826 terre
532 2763 570 2825 ad
598 2763 743 2846 synodum
765 2769 847 2828 tuam
870 2785 975 2841 vocas,
1007 2770 1113 2828 ettam
1130 2765 1167 2829 ab
1184 2764 1240 2836 eis,
1268 2785 1356 2849 quam
1378 2765 1502 2829 alaicis

304 2868 437 2934 decimas
461 2875 502 2934 et·
523 2871 580 2934 alia
604 2872 788 2956 episcopalia
811 2873 880 2954 jura
903 2874 1009 2937 niteris
1033 2878 1233 2957 extorquerc3
1264 2875 1294 2936 in
1310 2894 1374 2944 eos,
1401 2875 1504 2938 sitne

303 2996 362 3040 non
378 2978 568 3042 satisfaciunt
585 2979 739 3052 uoluntati,
756 2981 912 3044 interdicti
929 2987 959 3044 et
976 2982 1262 3046 excomunicationis
1279 2983 1447 3045 sententias
1466 2985 1505 3047 de

303 3085 392 3156 facto,
411 3105 478 3149 cum
507 3087 545 3150 de
565 3089 634 3168 jure
652 3107 796 3174 nequeas,
820 3090 1013 3172 proferendo.
1038 3088 1185 3153 Nolentes
1202 3089 1295 3171 igitur
1311 3089 1503 3172 aliquatenus
1541 3109 1545 3118 ·

303 3196 454 3257 sustinere
470 3197 550 3278 quod
567 3195 657 3258 iidem
674 3198 786 3261 fratres
803 3198 940 3263 indebite
955 3201 1118 3283 presertim
1134 3203 1238 3262 contra
1255 3203 1374 3284 nostras
1398 3200 1501 3263 indul·

301 3301 421 3382 gentius
444 3303 659 3376 molestentur,
684 3305 867 3369 fraternitati
893 3311 945 3370 tue
973 3327 1028 3389 per
1051 3306 1216 3389 apostolica
1239 3308 1351 3389 scripta
1372 3306 1503 3372 firmiter

301 3410 497 3494 precipiendo
515 3414 697 3485 mandamus,
715 3419 873 3498 quatenus,
896 3418 922 3478 si
938 3436 1013 3499 qnas
1032 3417 1111 3478 forte
1134 3415 1172 3479 de
1196 3416 1278 3478 facto
1301 3417 1332 3478 in
1357 3415 1500 3491 clericos,

298 3539 335 3580 re
357 3518 432 3581 alios
457 3519 642 3584 habitatores
666 3524 762 3605 ipsius
786 3528 870 3587 terre
892 3525 1059 3587 sententias
1080 3523 1250 3609 protulisti,
1277 3543 1329 3587 eas
1353 3523 1392 3587 de
1415 3527 1499 3589 facto

301 3643 421 3708 quoque
447 3647 507 3689 non
539 3629 684 3692 differens
718 3651 883 3703 reuocare,
907 3633 943 3695 ab
977 3653 1080 3696 eornm
1100 3632 1275 3713 grauamiue
1296 3631 1399 3695 taliter
1424 3653 1499 3696 con-

302 3733 453 3815 quiescas,
471 3736 549 3819 qnod
563 3757 619 3800 nec
635 3737 694 3820 ipsi
707 3740 818 3820 justam
832 3740 962 3803 habeant
973 3740 1180 3826 conquerendi
1195 3741 1360 3813 materiam,
1375 3761 1499 3806 necnos

301 3839 355 3903 tibi
372 3841 475 3905 durius
497 3843 632 3907 seribere
651 3847 881 3928 compellamnr;
914 3849 964 3933 qni
987 3847 1105 3912 domum
1123 3848 1294 3913 eorumdem
1310 3848 1438 3912 fratrum
1453 3850 1499 3914 sic

299 3967 369 4010 rore
392 3953 494 4012 nostre
515 3953 615 4031 gratie
639 3953 819 4032 rigauimus,
844 3960 874 4017 vt
892 3975 955 4017 eam
972 3956 1012 4018 de
1033 3955 1137 4020 humili
1155 3961 1234 4018 statu
1249 3955 1287 4018 ad
1303 3956 1395 4018 altum
1417 3961 1498 4020 tcm-

300 4073 375 4135 pore
388 4058 489 4118 nostro
502 4059 894 4141 prouectamplantationem
909 4081 967 4123 non
981 4063 1149 4144 incongrue
1161 4061 1315 4145 appellare
1323 4064 1495 4146 possimus;

299 4160 381 4223 illam
404 4182 439 4225 ea
462 4166 655 4246 prerogatiua
679 4164 832 4246 diligimus
858 4166 1027 4242 charitatis,
1051 4170 1132 4253 quod
1156 4172 1221 4252 ejus
1238 4169 1363 4250 indigna
1380 4191 1495 4251 graua-

300 4269 378 4331 mina
392 4291 450 4332 non
466 4291 622 4353 possemus
640 4274 670 4335 in
688 4275 832 4356 patientia
848 4275 991 4339 tolerare.
1017 4277 1147 4342 Noueris
1165 4284 1262 4342 autem
1287 4298 1341 4342 nos
1367 4299 1497 4344 venera-

298 4373 353 4437 bili
369 4377 457 4438 fratri
474 4382 575 4440 nostro
594 4378 797 4462 Strigoniensi
818 4383 1048 4467 archiepiscopo
1063 4386 1264 4458 mandauisse,
1294 4391 1325 4449 rt
1340 4387 1399 4448 nisi
1411 4388 1495 4469 juxta

299 4482 467 4547 mandatum
491 4489 625 4549 nostrum
649 4489 805 4553 curaneris
829 4509 974 4553 reuocare
997 4493 1174 4564 sententias,
1200 4494 1225 4556 si
1250 4512 1323 4576 quas
1345 4495 1377 4556 in
1399 4516 1493 4581 sepe-
