3150 5092
640 570 761 643 ΜΝ

442 727 521 791 last,
539 727 583 780 21.
602 728 687 797 April.
705 729 949 783 Kercsatosch.

173 852 343 919 Discretis
358 854 433 919 uiris
457 863 487 919 et
515 856 648 920 honestis
665 855 831 922 honorabili
853 856 983 941 capitulo
1006 857 1136 923 ecclesie
1153 858 1293 925 Waradi-

77 964 164 1026 ensis
183 962 306 1027 amicis
319 964 379 1026 suis
397 960 553 1027 [ladislaus
571 964 714 1046 waproda
731 965 974 1035 Transsiluanus
986 971 1018 1029 et
1030 968 1292 1033 comasdeZonuk

77 1071 261 1135 amicitiam
291 1074 423 1155 paratam
451 1090 518 1135 cum
543 1070 664 1136 honore.
693 1074 811 1137 Dicitur
834 1073 920 1137 nobis
946 1074 976 1136 in
1004 1094 1134 1157 persona
1156 1075 1290 1161 religiosi

14 1168 17 1177 ⁴
77 1180 138 1242 uiri
158 1180 279 1245 fratris
291 1180 397 1243 Lazari
415 1179 531 1266 abbatis
544 1181 858 1253 deClusmonusturm
876 1182 954 1267 quod
971 1182 1097 1266 quedam
1114 1186 1289 1267 possessio-

79 1311 137 1354 nes
156 1290 244 1353 dicti
264 1291 311 1353 sni
330 1290 511 1372 monasterij‚
536 1290 679 1355 videlicet
705 1291 809 1356 cadem
822 1291 988 1355 Macestus·
1003 1296 1034 1353 et
1050 1292 1292 1358 Zentbbeneduls

76 1402 192 1461 vocate
212 1398 247 1461 in
268 1399 407 1461 comitatu
424 1398 462 1461 de
478 1395 549 1460 Clas
567 1400 730 1463 existentes
754 1398 834 1482 apud
851 1419 954 1462 manus
972 1418 1042 1461 suas
1059 1398 1173 1471 habite,
1190 1422 1290 1463 ream·

14 1497 16 1512 ’
77 1504 259 1571 bulacione
277 1511 307 1570 et
323 1526 468 1570 nouorum
485 1511 630 1571 metarum
647 1505 807 1570 ereccioue
823 1506 982 1590 plurimum
998 1505 1182 1587 indigerent,
1200 1530 1292 1591 super

13 1608 15 1611 ’
78 1635 139 1701 quo
176 1622 323 1679 vestram
353 1616 482 1699 petimus
515 1614 679 1679 amiciciam
711 1614 904 1698 presentibus
931 1619 1117 1687 reverenter,
1146 1622 1291 1702 qnatenus

78 1728 226 1789 uestrum
249 1724 374 1788 mittatis
397 1724 544 1787 hominem
566 1742 622 1806 pro
646 1724 817 1787 testimonio
834 1722 894 1786 lide
917 1723 1050 1804 dignum,
1067 1744 1126 1807 quo
1149 1731 1291 1806 presente

14 1831 16 1857 ³
78 1830 249 1917 Nycolaus
273 1833 368 1897 dictus
401 1830 475 1896 Chol
487 1829 515 1915 ¹)
544 1831 582 1896 de
609 1830 756 1919 warnos)
784 1832 832 1896 rel
860 1831 993 1896 lacobus
1023 1832 1121 1895 dictos
1146 1833 1228 1897 Chae
1253 1834 1290 1897 de

13 1930 16 1963 ³
79 1938 215 2005 Zuchalr
228 1940 272 2027 3),
290 1944 341 2003 aut
356 1939 529 2024 Stephanus
547 1939 585 2005 de
601 1939 705 2004 eadem
724 1940 793 2023 alijs
811 1940 998 2013 absentibus,
1021 1940 1108 2005 homo
1132 1947 1235 2005 noster
1251 1942 1289 2007 ad

15 2060 20 2075 '·
80 2046 182 2113 facies
195 2049 405 2143 predictarum
419 2048 652 2133 possessionum,
667 2048 825 2114 llonustur
840 2054 871 2113 et
886 2048 1164 2133 Zenthbenedulrl)
1182 2051 1290 2115 uicinis

13 2149 17 2203 ’ἵ
82 2166 112 2220 et
137 2157 364 2224 commetaneis
390 2158 551 2221 earundem
577 2159 707 2241 rudique
732 2157 867 2241 legitime
882 2158 956 2223 inibi
978 2159 1151 2224 conuocatis
1167 2165 1198 2223 et
1213 2179 1288 2243 pre·

83 2268 231 2331 sentibus
261 2266 433 2331 accedendo
456 2266 623 2330 rcambulet
656 2267 776 2331 easdem
809 2287 864 2350 per
896 2287 997 2331 earum
1025 2287 1114 2331 ueras
1146 2272 1239 2331 metas
1259 2274 1291 2331 et

13 2379 16 2386 '
83 2376 245 2461 antiquas,
268 2380 299 2437 et
319 2375 372 2439 ubi
395 2396 521 2439 necesse
537 2375 637 2446 luerit,
665 2395 757 2438 nouas
769 2375 854 2457 juxta
870 2382 990 2439 veteres
1007 2376 1165 2459 erigendo,
1189 2397 1289 2439 ream·

13 2475 20 2513 ·'
86 2481 280 2567 balatusque
297 2488 327 2548 et
343 2485 380 2548 ab
397 2484 520 2549 aliorum
530 2484 778 2568 possessionariis
795 2484 911 2547 iuribus
928 2490 1096 2567 separatas,
1113 2492 1144 2547 et
1160 2485 1288 2549 distinc-

84 2598 144 2667 tas,
170 2596 327 2678 relinquat
349 2599 380 2658 et
403 2595 569 2659 committat
585 2592 683 2656 eidem
704 2593 817 2657 Lazaro
841 2592 941 2657 abbati
965 2600 995 2657 et
1011 2614 1065 2656 sue
1082 2595 1227 2666 ecclesie,
1252 2614 1288 2656 eo

16 2696 18 2701 ’
88 2702 167 2776 iure,
194 2723 256 2788 quo
278 2703 352 2786 ipsis
375 2704 592 2785 dignoscuntur
615 2704 778 2787 pertinere,
801 2707 947 2786 perpetuo
960 2703 1169 2785 possidendas,
1186 2705 1213 2766 si
1231 2722 1289 2765 non

90 2810 183 2875 luerit
213 2810 442 2884 contradictum,
466 2810 706 2875 contradictores
730 2831 803 2874 uero
826 2810 918 2895 siqui
941 2812 1052 2875 fuerint
1075 2815 1149 2874 citet
1164 2810 1288 2874 eosdem

20 2982 22 3001 ,ἵ
91 2919 244 2985 aduersus
265 2921 392 2984 eundem
418 2919 567 2991 abbatem,
593 2926 725 2983 nostram
741 2920 770 2982 in
786 2920 968 3001 presentiam
981 2920 1018 2983 ad
1031 2920 1188 2983 terminum
1206 2939 1289 2983 com·

15 3018 23 3059 ³
93 3034 260 3109 petentem,
285 3030 436 3093 racionem
469 3028 715 3093 contradictionis
738 3029 872 3112 ipsorum
890 3028 1069 3091 reddituros.
1092 3028 1131 3091 Et
1146 3034 1215 3112 post
1229 3026 1288 3090 hec

14 3114 21 3166 ‘³
91 3136 188 3221 ipsius
219 3138 459 3225 possessionarie
482 3135 745 3205 reambulacionis‚
774 3143 805 3200 et
824 3157 968 3199 nouarum
996 3144 1141 3201 metarum
1165 3138 1285 3208 seriem,

16 3252 22 3313 ’Ῐ
94 3264 160 3309 cum
178 3245 319 3311 cursibus
335 3255 493 3322 metarum,
517 3246 567 3309 uel
584 3245 750 3310 nominibus
767 3246 1019 3310 contradictorum
1036 3251 1067 3309 et
1085 3246 1242 3310 citatorum
1259 3247 1287 3308 si

14 3370 18 3381 ’
93 3357 141 3439 qui
158 3356 283 3428 suerint,
299 3356 486 3438 terminoque
509 3356 672 3437 assignato,
696 3353 780 3417 nobis
797 3356 827 3418 in
845 3355 953 3417 vestris
971 3354 1067 3417 literis
1088 3352 1286 3417 amicabiliter

16 3514 18 3551 Ι
96 3465 281 3529 rescribatis.
296 3464 403 3527 Datum
417 3465 449 3527 in
462 3464 528 3526 villa
536 3462 758 3527 cruciferorum
769 3462 798 3548 ⁵)
816 3464 1107 3547 propeTordensem
1124 3463 1286 3535 ciuitatem,

14 3558 22 3622 ⁴·-
97 3578 199 3636 octaro
225 3573 274 3636 die
296 3574 366 3636 festi
391 3572 506 3637 Pasche
524 3571 644 3643 domini,
663 3592 739 3635 anno
756 3572 892 3636 eiusdem
908 3572 1075 3636 millesimo.
1099 3570 1173 3634 CC0.
1191 3592 1286 3635 nona·

15 3670 20 3749 l
97 3683 212 3759 gesimo
229 3680 367 3765 septimo.

93 3870 411 3886 ,ψ--ι-μ-ι

128 3988 152 4050 ¹)
168 3992 279 4037 Nicolans
296 3974 389 4035 eschol,

127 4068 152 4132 ²)
170 4073 243 4118 Valko
260 4072 290 4117 im
304 4071 488 4129 klaussabnrgar
505 4068 588 4117 comit.

128 4150 151 4214 ³)
169 4149 273 4214 Saucsdg
288 4153 318 4197 im
334 4152 519 4213 hlsusonborgcr
537 4152 621 4197 comit.

127 4232 157 4295 ⁴)'
169 4236 252 4282 Diessr
268 4236 312 4280 Ort
327 4235 419 4281 existirt
435 4235 500 4281 nicht
516 4234 588 4281 mehr.

130 4312 152 4378 ⁵)
169 4318 295 4364 Koresates
311 4316 342 4361 im
359 4316 467 4362 thorenb.
485 4315 568 4362 Comit.
