3150 5092
1243 347 1266 417 9

67 526 166 588 oratio
183 525 248 587 Deo
266 523 514 589 commendabilis
531 545 601 589 esse
616 527 779 608 reperitur.
805 523 881 586 Hinc
898 526 964 594 est,
993 521 1073 603 quod
1090 521 1140 605 pie
1161 539 1268 584 recor-

67 631 200 695 dationis
216 636 375 715 parentum
392 637 560 697 nostrorum
576 633 704 715 vestigia
730 633 779 716 pio
799 631 957 698 ‚desiderio
982 629 1211 712 amplectentes,
1236 631 1268 690 et

67 744 179 802 eterne
201 739 263 804 vite
290 739 426 803 bravium
460 760 527 804 cum
561 741 605 804 eis
638 746 707 824 post
733 743 909 823 presentem
938 757 1058 800 cursum
1092 735 1265 819 apprehen-

69 847 145 911 dere
163 848 335 930 cupientes,
362 848 534 932 Crucifcria
554 849 596 913 de
611 849 778 936 bospitala'
804 848 924 912 Sancte
946 845 1052 910 Morio
1067 841 1147 929 quod
1172 860 1268 926 quon·

67 954 140 1017 dam
162 954 219 1016 fuit
243 955 273 1017 in
297 954 475 1029 Jerusalem,
499 955 554 1019 sed
570 955 657 1020 modo
678 957 815 1041 peccatis
837 952 1027 1035 exigentibus
1048 951 1137 1015 situm
1166 954 1213 1012 est
1235 949 1267 1011 in

66 1063 218 1133 decaron,
227 1062 362 1125 caritatis
375 1063 493 1135 intuitu,
505 1063 663 1147 quamdam
675 1069 787 1128 terram
800 1066 906 1129 Boreo
918 1063 1047 1132 nomine,
1060 1061 1146 1124 ultro
1160 1058 1267 1142 sylvus

66 1191 180 1234 υενεεε
198 1169 362 1242 Cumanos,
394 1171 466 1234 licet
497 1172 659 1243 desertam,
689 1176 719 1235 et
746 1171 952 1244 inhabitatam,
977 1167 1155 1232 contulimus
1180 1163 1265 1248 paci-

66 1276 128 1340 lice
145 1277 380 1352 inhabitandam,
397 1283 428 1341 et
443 1280 474 1343 in
490 1286 669 1363 perpetuum
685 1280 782 1344 libere
797 1277 1028 1363 possidendam
1042 1279 1075 1338 ut
1091 1278 1123 1336 et
1138 1291 1265 1354 regnum

68 1402 127 1468 per
161 1387 422 1450 conversationem
452 1407 556 1450 eorum
584 1392 783 1472 propagatum
822 1386 980 1455 dilatetur,
1017 1388 1048 1446 et
1074 1381 1267 1463 eleemosyna

66 1498 173 1556 nostra
193 1495 431 1578 perorationem
449 1515 550 1558 eorum
566 1495 605 1559 ad
622 1496 787 1559 remedium
805 1496 902 1558 anime
919 1497 1032 1564 nostre,
1052 1494 1083 1553 et
1109 1492 1267 1572 parentum

66 1605 241 1664 nostrorum
258 1622 360 1665 coram
376 1622 489 1666 summo
506 1603 570 1667 Deo
594 1603 782 1687 deportetur.
804 1603 950 1666 Preterea
978 1601 1023 1663 eis
1047 1595 1265 1666 concessimus,

64 1708 194 1791 quodsi
222 1727 326 1772 aurum
357 1709 404 1774 vel
436 1716 594 1791 argentum
623 1711 666 1775 ibi
684 1713 712 1774 in
729 1709 866 1794 predicta
888 1716 969 1773 terra
994 1707 1091 1770 llorza
1114 1706 1264 1767 inventum

63 1815 171 1887 luerit,
199 1836 257 1879 una
286 1837 357 1900 pars
385 1816 423 1879 od
451 1816 556 1881 liscum
584 1817 759 1901 pertinebit,
790 1818 909 1902 reliqua
936 1816 973 1880 ad
999 1835 1052 1878 eos
1081 1811 1264 1876 devolvetur.

63 1924 193 2006 lnsuper
218 1923 313 1987 libera
341 1925 415 1996 fora,
441 1930 472 1988 et
499 1924 610 1989 tributa
633 1928 765 1988 fororum
788 1930 873 1990 terre
901 1924 1037 2006 ejusdem
1060 1923 1106 1984 eis
1131 1919 1265 1983 totaliter

63 2031 247 2096 indulsimus
254 2055 264 2104 ;
290 2038 320 2095 et
341 2033 378 2095 ad
400 2032 549 2095 munimen
570 2035 658 2114 regni
680 2039 791 2100 ‚contra
819 2031 966 2096 Cumanos
995 2033 1095 2095 castra
1116 2027 1217 2110 lignea
1235 2032 1266 2089 et

62 2139 161 2203 urbes
184 2136 300 2221 ligneas
327 2145 504 2203 construere
532 2140 578 2204 eis
605 2141 810 2225 permisimus;
848 2139 1005 2203 statuimus
1041 2139 1147 2207 etiam,
1184 2133 1264 2217 quod

64 2246 165 2309 nullus
194 2246 339 2309 woiwoda
360 2266 453 2330 super
486 2267 538 2311 eos
556 2248 740 2314 descensum
776 2248 903 2321 babeat;
927 2245 1040 2310 liberos
1070 2241 1212 2307 denarios
1235 2246 1266 2304 et

65 2354 205 2437 pondera
227 2355 273 2417 eis
303 2354 484 2428 remisimus,
513 2362 545 2421 et
567 2357 603 2421 ab
627 2358 708 2421 omni
730 2359 886 2421 exactione
908 2357 1069 2427 immunes,
1098 2357 1129 2415 et
1150 2349 1265 2413 liberos

70 2481 125 2525 eos
154 2481 224 2526 esse
255 2464 465 2546 permisimus;
490 2464 599 2529 nullius
616 2463 745 2545 judicio,
773 2466 837 2529 sive
855 2460 1073 2544 jurisdictioni,
1096 2457 1154 2523 nisi
1170 2455 1265 2521 solius

68 2571 154 2654 regis
199 2570 386 2652 subjaceant.
428 2571 567 2637 Judicem
613 2573 693 2636 inter
735 2593 769 2636 se
811 2572 961 2653 eligentes
996 2588 1088 2651 super
1125 2586 1159 2630 se
1191 2584 1266 2628 con-

69 2677 207 2740 stituant.
254 2676 317 2741 Nos
345 2699 418 2743 vero
446 2681 612 2763 premissos
647 2682 815 2745 cruciferos
852 2680 883 2743 in
915 2677 1140 2763 possessionem
1179 2692 1268 2755 supra

68 2783 154 2848 dicte
189 2791 277 2850 torro
314 2789 418 2852 Borea
454 2807 507 2869 per
538 2787 715 2870 pristaldam
748 2794 883 2853 nostrum
925 2787 999 2850 lura
1045 2783 1165 2847 nomine
1200 2782 1267 2863 jus·

69 2893 165 2956 simus
196 2895 356 2968 introduci,
390 2895 440 2978 qni
470 2896 636 2978 predictam
667 2901 780 2960 terram
811 2894 1042 2981 perambulavit,
1076 2897 1106 2956 et
1133 2908 1197 2953 eam
1229 2888 1267 2952 ad

68 2999 197 3064 verbum
218 3001 361 3067 Micboel
386 3002 524 3066 woivode
548 3004 640 3066 certis
669 3004 757 3068 metis
782 2999 1042 3082 circumsignatam
1066 2998 1142 3082 ipsis
1167 2996 1268 3077 assig-

69 3108 164 3171 navit.
199 3109 298 3171 Prima
332 3129 405 3172 vero
433 3117 511 3173 meta
539 3110 627 3193 hujus
654 3119 738 3174 terre
768 3110 877 3193 incipit
898 3111 937 3174 de
960 3105 1151 3189 indaginibus
1175 3104 1268 3167 castri

68 3218 213 3302 Almoge
244 3221 273 3278 et
299 3218 438 3298 procedit
467 3239 561 3302 usque
583 3219 619 3282 ad
642 3219 799 3303 indagines
823 3219 915 3283 castri
941 3216 1120 3303 Noilpiont,
1144 3217 1175 3275 et
1194 3210 1265 3273 inde

68 3324 267 3405 progreditur
283 3344 379 3409 usque
396 3324 432 3389 ad
450 3326 609 3407 indagines
626 3328 764 3401 Nicolai,
782 3326 833 3391 ubi
849 3346 925 3410 aqua
951 3324 1071 3394 defluit,
1097 3342 1155 3405 que
1172 3340 1265 3384 voea-

70 3437 121 3495 tnr
137 3432 210 3504 Ate
243 3439 274 3495 et
304 3433 359 3506 sio,
388 3434 582 3498 ascendendo
598 3436 723 3519 perdit
740 3456 845 3519 usque,
877 3434 927 3498 ubi
957 3433 1099 3497 Tertilon
1132 3429 1214 3492 cadit
1234 3428 1265 3489 in

68 3538 130 3610 Alt,
159 3540 319 3602 etiterum
341 3538 422 3604 vadit
443 3560 538 3624 usque
567 3541 603 3605 ad
634 3548 730 3606 ortum
764 3543 900 3624 ejusdem
934 3539 1128 3611 Tertillonis,
1165 3541 1196 3600 et
1227 3533 1264 3599 ab

69 3652 137 3709 ortu
161 3665 248 3728 aque,
279 3667 338 3731 que
357 3648 446 3712 Ticis
468 3654 602 3726 vocatur,
634 3650 830 3733 progreditur
846 3669 941 3733 usque
959 3649 996 3712 ad
1025 3647 1154 3712 ellurum
1176 3665 1265 3729 aque,

68 3772 129 3835 que
167 3755 272 3818 Boreo
302 3759 441 3828 vocatur;
473 3756 584 3820 deinde
616 3758 697 3821 sicut
729 3761 846 3821 montes
877 3757 986 3819 nivium
1024 3753 1264 3837 complectuntur

71 3858 200 3922 eandem
232 3864 363 3932 terram,
395 3861 492 3925 tendit
525 3881 621 3945 usque
654 3863 844 3950 Almapiam,
876 3867 956 3924 terra
987 3880 1059 3926 vero
1099 3859 1157 3923 beo
1174 3857 1263 3943 ltota,

70 3969 160 4031 sicuti
176 3968 305 4051 predicti
321 3973 456 4043 montes,
486 3975 516 4033 et
539 3971 659 4034 flumina
684 3991 749 4035 earn
768 3972 973 4041 circumeunt,
999 3973 1123 4032 vocatur
1147 3970 1262 4033 Borea.

69 4074 159 4140 Licet
183 4079 281 4139 autem
304 4075 397 4150 istud,
420 4076 581 4163 quodquod
598 4079 753 4143 charitatis
770 4079 922 4162 gessimus
941 4078 1066 4150 intuitu,
1091 4078 1168 4162 apud
1186 4097 1264 4151 eum,

68 4184 119 4268 qui
137 4182 271 4247 charitas
288 4189 345 4256 est,
363 4185 442 4247 nulla
460 4187 540 4250 celet
555 4191 728 4270 temporum
741 4187 864 4259 oblivio,
881 4207 935 4250 nos
948 4190 1049 4250 tomen
1064 4184 1102 4249 ad
1118 4185 1263 4248 cantelam

66 4290 265 4375 inposterum
282 4296 456 4374 presentem
481 4293 699 4378 eleemosynam
724 4294 817 4377 sigilli
835 4287 928 4358 nostri
947 4293 1093 4375 jussimus
1116 4292 1263 4356 corrobo-

67 4400 129 4461 rari
168 4399 350 4462 testimonio.
390 4401 464 4465 Data
503 4421 557 4483 per
594 4422 698 4466 manus
734 4402 873 4484 magistri
908 4403 1038 4477 lbomc,
1073 4401 1141 4464 aule
1177 4402 1264 4482 regie

4 4574 8 4583 .
68 4503 260 4575 cancellarii,
306 4510 337 4567 et
370 4505 619 4589 Wesprimiensis
650 4510 809 4592 prepositi.
857 4509 941 4572 Anno
979 4508 1016 4572 ab
1059 4509 1265 4573 incarnatione
