3150 5092
1207 326 1286 399 223

183 506 248 588 Quo
265 505 385 591 quidem
408 506 505 580 litero,
524 513 557 569 ut
573 510 701 589 apparet
717 526 753 569 ex
768 502 905 587 reliquiis
922 500 1080 566 cordarum
1096 498 1288 584 pergamina-

94 632 217 679 cearurn
241 620 328 677 erant
352 612 462 697 sigillis
484 612 684 697 pendentibus
708 612 900 683 communite,
914 616 945 675 et
962 609 1111 680 roborate,
1128 610 1158 671 in
1175 626 1289 691 perga·

92 742 242 806 maneque
257 726 397 805 patenter
410 722 559 792 confecta.
578 726 609 785 et
624 727 769 786 emanate.
856 811 859 815 Ι

599 940 791 1013 CCXXVltl.

584 1096 797 1154 raso-mor.

184 1225 350 1309 Capitulum
379 1227 511 1291 ecclesie
539 1226 620 1290 beati
645 1226 802 1291 Michaelis
823 1225 977 1305 arcangeli
992 1221 1207 1286 Transsiluaue
1223 1218 1288 1281 rni-

14 1376 17 1383 ·
90 1333 190 1397 uersis
200 1332 313 1398 Christi
324 1332 464 1397 fidelibus
477 1354 604 1419 presens
617 1335 761 1417 scriptum
774 1333 958 1415 inspecturis
971 1330 1098 1393 salutem
1114 1329 1144 1390 in
1157 1326 1286 1389 omniurn

15 1515 16 1518 Ἴ
90 1442 252 1505 saluatore.
267 1440 482 1505 Vniuersorum
496 1443 607 1506 noticie
620 1441 880 1525 tanrpresencinm
893 1459 981 1523 quarn
997 1439 1166 1502 futurorum
1183 1434 1286 1497 harum

13 1593 17 1598 -
89 1551 171 1612 serie
188 1549 387 1613 declaramus.
407 1550 492 1631 Quod
509 1550 641 1613 Thomas
659 1549 739 1613 iilius
756 1551 837 1612 Petri
855 1548 893 1611 de
911 1549 1039 1619 Wordo,
1058 1541 1286 1628 presencialiter

89 1675 193 1719 eoram
211 1656 298 1721 nobis
315 1658 495 1721 constitutus
515 1663 545 1719 et
561 1656 719 1721 confessus
736 1676 771 1719 se
787 1656 909 1720 totalem
926 1654 1116 1717 medietatem
1133 1648 1286 1714 cuiusdam

89 1766 297 1846 possessionis
309 1785 363 1828 suo
378 1768 469 1831 Bucd
483 1771 590 1829 nocete
606 1766 779 1829 indistincte
796 1765 924 1829 indivise
942 1769 973 1827 et
984 1764 1156 1847 inseparate
1171 1756 1286 1840 absque

13 1920 19 1959 :¹
89 1874 179 1935 metis
195 1874 293 1955 signis
310 1894 364 1939 scu
382 1876 522 1939 terminis
539 1880 599 1939 tam
615 1876 646 1937 in
662 1875 755 1939 terris
772 1873 937 1939 arabilibus
956 1890 1043 1956 quam
1060 1872 1090 1933 in
1107 1868 1176 1950 alijs
1199 1866 1286 1930 uide-

14 1985 24 2033 ‚t
89 1980 165 2046 licet
181 1985 277 2065 pratis
294 1983 404 2048 tenetis
421 1982 507 2047 siluis
524 1984 662 2065 uirgultis
678 1988 709 2046 et
726 1982 908 2057 nemoribus,
925 1987 957 2045 nt
972 2000 1028 2063 per
1044 1998 1115 2043 suos
1141 1974 1285 2059 progeni·

90 2094 175 2155 tores
193 2090 258 2174 ipsa
272 2097 353 2155 terra
367 2090 538 2175 abantiquo
553 2097 600 2155 est
617 2091 748 2155 habitata
766 2098 797 2155 et
812 2110 968 2174 possessa,
986 2089 1108 2154 dedisse
1122 2083 1285 2150 tradidisse

91 2203 121 2261 et
136 2198 382 2262 irreuocabiliter
399 2199 582 2273 uendidisse,
600 2220 655 2284 pro
673 2200 830 2265 duodecim
853 2200 964 2263 marcis
980 2198 1031 2261 fini
1048 2195 1167 2277 argenti
1183 2191 1285 2257 corniti

14 2372 17 2393 ᾗ
91 2308 242 2371 Hedordo
262 2306 323 2369 lilio
341 2307 466 2391 lleneng
491 2308 529 2371 de
548 2310 635 2373 Wino
652 2308 864 2391 possidendam
889 2310 955 2371 iure
970 2311 1120 2390 perpetuo
1137 2323 1192 2386 per
1208 2300 1286 2365 filios

14 2491 16 2494 Α
90 2414 222 2477 liliorum
239 2416 375 2498 acceptis
398 2422 429 2479 et
454 2417 544 2499 plene
565 2416 676 2481 habitis
701 2417 775 2499 ipsis
799 2416 958 2480 duodecim
981 2414 1090 2476 marcis
1110 2431 1165 2495 per
1186 2410 1284 2492 ipsum

14 2605 16 2609 y
92 2522 251 2593 'rhomam
274 2529 307 2587 ut
329 2525 408 2587 idern
431 2524 504 2587 dixit
526 2546 541 2587 a
564 2527 674 2589 comite
697 2524 855 2588 Harbordo
877 2528 1052 2607 prenotato,
1086 2540 1144 2605 que
1166 2518 1287 2603 quidem

13 2685 15 2700 ἱ
91 2634 250 2713 possessio
266 2652 282 2695 a
300 2638 386 2715 parte
404 2632 591 2697 meridionali
612 2636 704 2695 terris
726 2633 798 2696 uille
814 2631 984 2697 lluhcmarh
1007 2635 1126 2713 aparte
1142 2626 1287 2691 occiden-

89 2737 142 2802 tali
159 2738 252 2801 terris
269 2738 396 2803 liliorum
413 2740 518 2812 Cheeh
543 2741 665 2823 Spreng
682 2744 808 2814 uocatis,
825 2763 841 2804 a
858 2745 944 2824 parte
961 2759 1033 2803 uero
1055 2735 1284 2819 septentrionali

90 2852 120 2910 et
142 2847 285 2909 orientali
303 2848 393 2910 terris
417 2848 532 2911 Scehes
555 2853 759 2912 commetatur.
786 2848 826 2910 Vt
850 2848 942 2929 igitur
957 2866 1085 2931 presens
1100 2842 1239 2908 uendicio
1257 2849 1287 2905 et

13 3037 14 3040 Ἴ
89 2956 211 3039 empcio
227 2959 375 3037 perpetuo
392 2963 602 3038 personarent,
618 2958 655 3019 ad
673 2958 849 3021 instanciam
865 2962 897 3019 et
913 2956 1094 3039 peticionem
1111 2942 1285 3017 Thome'ac

88 3063 241 3127 Harbordi
258 3063 463 3145 predictorum
480 3071 640 3147 presentes
657 3066 863 3129 concessimus
876 3066 991 3128 litteras
1003 3062 1165 3125 munimine
1182 3065 1287 3125 auten·

87 3172 143 3236 tici
160 3170 255 3249 sigilli
277 3172 372 3234 nostri
390 3173 584 3235 communitas
605 3174 759 3237 ..Datum
778 3194 853 3237 anno
871 3173 981 3235 domini
991 3215 1089 3234 .....

606 3431 770 3502 COXXIX.

581 3587 793 3643 raso-osor.
914 3649 916 3653 ¹

181 3729 317 3792 Andreas
340 3730 388 3793 dei
410 3732 514 3811 gracia
539 3731 690 3813 hungarie
710 3733 863 3796 Dalmacie
887 3731 1014 3797 Croacie
1041 3732 1131 3794 Reme
1155 3730 1283 3795 Callicle

85 3839 270 3904 Lodomerie
287 3839 430 3903 Cumanie
446 3841 648 3927 Bnlgarieqne
664 3862 724 3905 rex.
750 3842 894 3907 Omnibus
918 3843 1030 3906 Christi
1053 3840 1193 3905 fidelibus
1210 3861 1281 3924 pre-

86 3968 159 4011 sens
177 3950 323 4031 scriptum
336 3949 518 4032 inspecturis
535 3951 662 4014 salutern
679 3950 708 4011 in
722 3950 827 4015 salutis
844 3948 1059 4032 largitore'hd
1074 3950 1282 4014 uniuersorum

85 4053 228 4117 noticiam
249 4058 354 4118 tenore
378 4058 567 4138 presencium
592 4058 696 4121 harum
720 4062 801 4123 serie
829 4060 966 4123 uolumus
989 4058 1160 4142 peruenire.
1194 4057 1282 4139 Quod

14 4160 15 4191 ¹
86 4161 238 4225 accedens
262 4161 296 4225 ad
320 4168 451 4226 nostram
479 4166 667 4246 presenciam
691 4169 875 4233 Herbordus
897 4167 976 4231 lilius
993 4166 1119 4246 lleneog
1135 4165 1172 4229 de
1189 4165 1282 4229 Vinch

14 4318 15 4349 p
86 4268 223 4333 exhibuit
245 4269 330 4333 nobis
353 4272 545 4353 priuilegium
569 4273 691 4355 capituli
715 4276 846 4339 ecclesie
870 4276 952 4339 beati
982 4273 1143 4337 hlichaelis
1165 4274 1279 4336 Trans-

85 4378 202 4441 siluane
218 4396 311 4461 snper
327 4378 407 4442 facto
426 4382 590 4463 empcionis
608 4383 761 4446 cuiusdem
778 4383 982 4467 possessionis
1000 4402 1054 4446 sue
1066 4382 1159 4447 Buad
1172 4385 1280 4444 uocate

13 4471 15 4486 ’
84 4506 141 4570 per
169 4486 293 4549 'lomam
310 4485 402 4549 filium
420 4488 502 4550 Petri
527 4489 565 4552 de
582 4490 696 4554 Warda
720 4491 777 4554 sibi
801 4491 910 4554 tradite
927 4490 1108 4555 conlectum.
1134 4489 1278 4551 Petensa
