3150 5092
305 373 380 445 138

300 546 443 610 habemus
460 545 650 630 privilegium
666 547 749 628 regis
777 545 939 631 Stephani,
955 550 1096 612 ucetiam
1115 547 1199 630 regis
1213 546 1360 610 Ladinlai.
1379 544 1422 609 vt
1437 546 1497 608 lrec

299 654 419 717 donatio
447 651 540 717 robur
560 655 694 736 optineat
715 659 864 737 perpetue
880 653 1039 726 firmitatis,
1063 662 1223 738 presentes
1239 654 1346 716 literas
1364 673 1497 716 conces·

300 762 394 826 simus
411 760 504 842 sigilli
521 761 615 825 nostri
631 762 793 826 munimine
808 759 974 832 roboratas,
992 760 1092 823 datum
1108 781 1185 824 anno
1202 759 1313 823 domini
1335 758 1495 822 millesimo

301 868 489 933 CC⁰LXXX⁰
504 869 617 951 quinto.

834 1053 959 1122 CXLII.

579 1188 774 1250 lect-leue,
793 1190 836 1244 22.
855 1189 918 1242 Juli.
938 1189 1209 1244 Grossnardcin.

389 1298 451 1362 Nos
478 1296 637 1362 Ladislaus
666 1299 723 1362 Dei
751 1301 854 1380 gracia
880 1319 934 1364 rex
964 1299 1100 1381 Ungarie
1132 1299 1355 1381 significamus,
1385 1298 1494 1383 quibus

300 1406 432 1492 expedit,
448 1413 555 1470 tenore
571 1409 755 1488 presentium
772 1408 940 1480 universis,
957 1407 1037 1490 quod
1053 1408 1122 1492 qnia
1138 1408 1221 1471 cives
1238 1407 1335 1470 nostri
1353 1407 1394 1471 de
1408 1409 1493 1491 Bys-

299 1514 402 1580 twrclr
423 1533 480 1596 per
502 1517 604 1576 vastus
626 1519 656 1576 et
679 1513 818 1576 incendia
843 1515 1037 1577 Tartarorum
1067 1514 1226 1596 plurimum
1247 1518 1318 1576 sunt
1347 1512 1495 1577 destructi
1562 1544 1563 1581 3

299 1628 330 1684 ct
358 1621 571 1704 depauperati,
594 1620 707 1684 eisdem
732 1619 902 1699 hujusmodi
928 1621 1054 1700 gratiam
1078 1622 1214 1686 duximus
1241 1622 1432 1692 faciendam,
1462 1626 1494 1683 ut
1562 1624 1563 1669 ἕ

299 1729 418 1792 tertiam
435 1734 551 1810 partem
567 1727 672 1790 tributi
688 1726 725 1790 dc
742 1727 933 1811 Byntwrche,
950 1734 981 1790 et
997 1747 1055 1790 non
1072 1728 1158 1798 ultra,
1176 1727 1248 1790 dare
1268 1735 1300 1789 et
1317 1728 1495 1810 persolvere
1562 1710 1563 1770 ἕ

298 1842 466 1906 teneantur,
489 1835 529 1897 ita
554 1842 587 1899 ut
602 1834 641 1896 de
658 1833 773 1898 duabus
789 1834 927 1918 partibus
943 1833 1050 1897 tributi
1065 1836 1126 1897 sint
1141 1833 1272 1916 expediti
1295 1839 1328 1897 et
1351 1833 1492 1904 absoluti,

298 1946 394 2010 nullus
411 1949 508 2008 autem
520 1944 670 2006 hominum
687 1943 764 2007 ultra
780 1945 811 2007 id
823 1944 945 2008 eosdem
958 1943 1118 2007 molestare
1132 1942 1241 2007 audeat
1258 1943 1307 2005 vel
1324 1948 1492 2025 presumat.
1562 1948 1563 1971 ἒ

298 2051 406 2115 Datum
423 2049 579 2113 Waradini
595 2050 626 2111 in
642 2051 719 2113 festo
737 2048 765 2112 b.
786 2051 882 2113 llarie
898 2050 1077 2130 Magdalene
1093 2047 1176 2132 (sine
1193 2047 1300 2132 anno).

822 2234 958 2305 CXLlll.

636 2369 721 2432 1286,
740 2370 784 2424 19.
804 2370 883 2422 murs.
903 2368 1153 2434 Weissenbnrg.

389 2481 453 2545 Nos
485 2481 632 2561 magister
657 2478 812 2542 lohannes
849 2479 928 2542 lilius
960 2476 1095 2559 magistri
1121 2475 1255 2540 Emerici
1288 2474 1493 2555 significamus

298 2590 407 2675 quibus
424 2589 548 2673 expedit
563 2588 714 2652 uniuersis
728 2587 918 2670 presencium
935 2605 991 2668 per
1007 2590 1150 2649 tenorem.
1177 2581 1263 2664 Quod
1280 2602 1372 2665 quum
1393 2582 1490 2645 karis—
1562 2574 1563 2647 ἶ

297 2701 389 2761 simus
405 2702 604 2782 paternoster
620 2694 698 2759 lronc
714 2696 867 2763 memorie,
885 2695 1031 2776 magister
1042 2693 1209 2764 Emericus,
1224 2691 1322 2754 adhuc
1338 2691 1446 2755 virens
1462 2691 1490 2753 in
1562 2672 1563 2749 l

297 2805 374 2866 bona
397 2804 534 2887 corporis
561 2804 704 2873 sanitate,
728 2808 759 2864 et
781 2804 883 2883 optata
899 2801 1120 2884 prosperitate,
1138 2799 1282 2883 quasdam
1297 2803 1402 2860 terras
1419 2818 1488 2861 suas
1562 2874 1563 2887 χ

299 2910 572 2999 Coppantelulw)
598 2915 628 2972 et
649 2910 778 2974 lwonlro
803 2910 919 2973 Telolse
939 2912 1061 2970 uocatas
1082 2907 1206 2988 proprie
1227 2909 1259 2967 et
1280 2905 1447 2987 separatim
1473 2925 1489 2966 a
1562 2894 1563 2899 ¹

296 3019 390 3081 fratre
406 3039 460 3082 suo
477 3017 589 3101 lllylrud
606 3017 682 3080 bano
695 3016 754 3079 sibi
770 3017 968 3099 pertinentes,
985 3035 1022 3078 ex
1037 3033 1186 3077 consensu
1202 3018 1235 3076 et
1247 3011 1324 3074 bona
1337 3012 1489 3075 voluntate

295 3126 429 3188 eiusdem
452 3125 561 3209 llylrud
578 3124 662 3197 bani,
679 3124 869 3206 fillorumque
885 3124 965 3194 eius,
983 3127 1015 3185 et
1032 3128 1150 3193 nostra,
1164 3141 1220 3202 pro
1236 3118 1375 3182 remedio
1394 3122 1489 3182 auimo
1562 3172 1563 3205 ,

294 3253 350 3296 sue
372 3232 501 3317 capitulo
524 3232 656 3296 ecclesie
683 3231 763 3294 beati
785 3230 949 3315 Mychaells
972 3227 1187 3293 Transsilvane
1204 3227 1274 3307 jure
1289 3235 1443 3310 perpetuo
1460 3236 1488 3291 et

293 3339 535 3404 irrevocabiliter
551 3339 739 3414 contulisset,
753 3343 785 3402 et
801 3339 859 3402 lrcc
871 3338 949 3401 idem
966 3336 1154 3418 postmodum
1170 3337 1202 3398 in
1218 3334 1322 3399 ultima
1334 3335 1489 3399 voluntate
1562 3316 1563 3353 ³

294 3468 348 3510 sua
375 3447 597 3519 confirmasset,
626 3445 712 3510 nobis
734 3445 936 3528 injungendo,
960 3449 991 3507 et
1006 3443 1203 3526 paternaliter
1219 3443 1435 3519 ammonendo,
1460 3449 1489 3506 ut

292 3556 387 3637 ipsam
404 3555 600 3618 donacionem
615 3555 686 3617 totis
702 3554 817 3618 viribus
840 3551 1076 3620 defensaremns,
1100 3553 1131 3612 et
1154 3548 1302 3614 benevole
1323 3549 1487 3612 confirma·

293 3681 404 3724 remus.
428 3659 490 3724 Nos
507 3661 633 3724 eandem
649 3661 845 3724 donacionem
867 3663 1013 3721 terrarum
1030 3656 1251 3737 predictarum,
1280 3677 1335 3739 pro
1352 3657 1485 3722 remedie

293 3768 390 3832 anime
411 3770 507 3850 patris
532 3771 627 3831 nostri
648 3768 756 3830 factam
774 3785 952 3829 renouamus
975 3769 1007 3827 et
1023 3762 1249 3835 confirmamus,
1278 3766 1486 3847 promittentes
1562 3798 1563 3831 ÷

290 3875 328 3938 ab
357 3875 494 3939 omnibns
514 3875 661 3956 impedire
687 3873 870 3944 nolentibus,
893 3872 1018 3935 uiriliter
1042 3876 1074 3934 et
1089 3871 1167 3934 bona
1183 3871 1245 3934 lide
1261 3878 1432 3954 protegere
1448 3893 1481 3935 ac
1562 3922 1563 3959 p

292 3984 464 4047 defensare.
488 3982 689 4044 Promittimus
706 3981 840 4063 insuper,
855 3981 935 4064 quod
952 3999 1038 4062 quarn
1055 3979 1182 4062 primum
1195 3977 1233 4040 ad
1246 3980 1361 4042 curiam
1378 3981 1483 4042 domini
1561 3966 1563 4083 l

292 4092 377 4170 regis
395 4089 621 4160 accesserimus,
638 4088 753 4150 litteras
770 4087 866 4169 ipsius
883 4086 995 4149 domini
1010 4087 1094 4167 regis
1111 4104 1203 4168 super
1216 4085 1377 4167 sepedicta
1393 4085 1482 4150 dona·

290 4199 371 4261 tione
385 4197 518 4260 conferri
534 4196 688 4258 faciemus.
706 4195 813 4258 Datum
827 4193 902 4258 arbe
914 4215 990 4257 anno
1007 4193 1118 4256 domini
1128 4192 1388 4256 M⁰.CC⁰.LXXX⁰
1402 4198 1479 4258 sexto

290 4307 320 4367 in
337 4304 452 4366 octavis
469 4302 548 4365 beati
567 4303 709 4384 Gregorii
728 4321 815 4384 pape.

321 4551 346 4611 ¹)
363 4546 553 4609 Marus-Kopdnd
570 4551 599 4594 im
616 4549 732 4595 unterallr.
749 4549 832 4595 Cernit
