3150 5092
349 323 423 398 148

344 521 398 570 suo
414 500 502 566 medo
513 499 635 583 longum
650 504 733 566 esset
753 517 895 566 enarrare
910 506 941 566 et
957 500 1110 566 tsfidiuu
1124 505 1296 584 generaret,
1317 500 1373 564 sed
1393 499 1528 583 quedam

345 611 383 676 de
398 609 591 679 fidelitatibus
604 615 635 674 et
650 606 811 674 meritoriis
827 609 965 692 seruilijs
977 608 1140 674 eorundem
1147 609 1315 674 Siculorum
1329 608 1531 694 presentibus

344 719 469 786 leeimm
500 717 669 784 inserenda.
698 714 779 780 Sane
801 735 868 782 nam
890 736 956 782 oum
972 717 1097 784 Comani
1117 720 1198 784 uersi
1220 721 1251 783 in
1271 717 1432 803 perfidiam
1449 737 1528 781 ausu

344 828 503 894 temerario
523 827 640 892 eleuato
662 824 769 892 uexillo
790 826 902 892 crimen
922 827 987 892 lese
1007 827 1170 893 maiestatis
1185 848 1244 892 uon
1267 825 1472 892 formidantes
1499 827 1530 888 iu

345 936 429 1004 llerd
455 941 560 1004 contra
580 941 712 1002 nestram
736 955 895 1019 personam
915 937 1139 1000 insurrexerant
1160 941 1193 1000 et
1213 943 1419 1000 convenerant
1433 934 1530 1016 iidem

344 1044 438 1110 Siculi
461 1044 567 1112 dubios
586 1050 713 1110 euentus
732 1044 852 1110 inmune
872 1066 931 1110 non
952 1050 1091 1110 verentes
1106 1045 1192 1110 uobis
1208 1044 1404 1110 cernentibus
1422 1049 1533 1108 contra

347 1151 586 1240 ipsosllnmanos
603 1159 634 1218 et
647 1154 745 1220 aciem
759 1153 921 1218 eorundem
937 1174 971 1221 se
986 1154 1113 1220 viriliter
1122 1161 1152 1218 et
1167 1153 1357 1219 laudabiliter
1370 1172 1530 1237 opposue-

347 1266 425 1336 runt,
447 1266 481 1328 et
506 1264 536 1326 iu
557 1263 663 1329 eodem
684 1262 778 1347 prelio
803 1260 889 1326 nobis
906 1261 1111 1346 multipliciter
1135 1270 1306 1328 mmerunt
1327 1263 1533 1348 compleuere.

347 1372 490 1437 Preteren
511 1390 576 1438 cum
599 1369 711 1456 perlida
733 1389 810 1453 gens
826 1372 1015 1436 Tantarorum
1035 1390 1162 1452 regumn
1178 1377 1310 1438 uosbum
1328 1372 1486 1436 hostiliter
1501 1376 1532 1434 et

349 1479 509 1546 crudeliter
525 1479 664 1562 adiisset,
680 1486 712 1544 et
727 1480 880 1544 maximam
895 1486 1012 1564 partem
1026 1480 1115 1562 regui
1130 1481 1226 1544 nostri
1241 1479 1374 1546 aestibus
1391 1480 1482 1544 duris
1497 1486 1530 1543 et

348 1587 453 1673 spolijs
469 1593 673 1672 peragrasset,
689 1607 725 1654 ae
746 1587 889 1654 indultam
904 1587 1119 1654 multitudinem
1139 1587 1302 1654 incolarum
1316 1590 1407 1671 regni
1431 1589 1530 1654 nostri

348 1697 448 1764 mssa
473 1696 567 1764 seusei
590 1696 762 1781 eaptiuitate
786 1696 952 1764 abduceret
972 1702 1002 1763 ct
1019 1696 1112 1778 ijdem
1129 1698 1248 1764 Tartari
1269 1698 1375 1782 spoliis
1390 1699 1485 1764 bnis
1499 1703 1533 1762 et

348 1804 440 1872 rebus
468 1808 554 1888 regui
574 1807 670 1872 nestri
690 1805 845 1881 honerati,
873 1807 911 1872 ad
931 1808 1054 1890 propria
1074 1812 1243 1872 remearent
1273 1807 1405 1891 predicti
1427 1806 1528 1872 Siculi

349 1919 454 1982 contra
478 1914 615 1980 insultum
642 1920 673 1980 et
702 1913 828 1996 rabijem
852 1915 1018 1982 eorundem
1040 1916 1233 1982 Tutarorum
1256 1935 1312 1999 pro
1338 1916 1529 1982 liberatione

353 2017 450 2108 patrie
472 2024 572 2107 gentis
594 2022 650 2088 sub
673 2030 771 2088 castro
788 2021 949 2089 Turuslmn
971 2044 1006 2090 se
1026 2025 1154 2090 viriliter
1169 2024 1355 2096 obiecerunt,
1373 2031 1412 2088 et
1429 2030 1533 2090 eontra

354 2131 477 2197 eosdem
492 2132 634 2198 Tartaron
649 2131 842 2196 laudabiliter
855 2131 1044 2208 dimicarunt,
1065 2140 1099 2198 et
1124 2134 1155 2200 iu
1174 2134 1282 2199 eodem
1296 2134 1441 2200 eoullictu
1456 2135 1531 2199 altra

353 2261 440 2325 qnam
467 2239 548 2305 mille
576 2239 711 2306 homines
739 2239 778 2303 de
805 2239 969 2304 miserabili
985 2247 1017 2310 et
1036 2243 1151 2307 enormi
1172 2244 1342 2326 captivitate
1364 2243 1532 2307 eorundem

353 2350 545 2414 Tartarorum
572 2347 746 2414 liberarant.
762 2345 827 2413 Noa
853 2349 952 2432 itaque
977 2349 1027 2433 qui
1049 2371 1085 2414 ea
1106 2349 1207 2416 oliicio
1222 2351 1355 2435 suscepti
1368 2350 1528 2434 regiminis

353 2457 450 2522 metiri
470 2457 614 2522 debemus
633 2462 664 2521 et
689 2475 819 2542 pensare
835 2457 942 2520 merita
964 2458 1157 2541 singulorum,
1181 2465 1213 2524 et
1227 2459 1386 2543 omnique
1401 2477 1533 2543 respon-

354 2566 427 2632 dere
449 2569 528 2632 iurtn
548 2567 731 2650 exigeuciam
752 2586 872 2632 suornm
894 2567 1083 2641 meritorum,
1109 2561 1304 2636 recensentes
1330 2569 1478 2648 graciosa
1502 2572 1532 2630 et

353 2676 514 2746 laudabilia
540 2676 669 2744 seruicia
697 2676 860 2743 eorundem
880 2675 1047 2742 Siculorum
1072 2676 1192 2744 dommo
1220 2678 1290 2760 regi
1318 2675 1479 2762 Stephano
1503 2681 1532 2740 et

354 2784 440 2852 nobis
455 2784 596 2859 exhibita,
619 2791 728 2852 terram
752 2788 844 2850 castri
865 2785 960 2849 nostri
981 2785 1019 2850 de
1041 2785 1142 2850 Torda
1165 2787 1284 2853 Oroncs
1298 2791 1440 2851 roceum
1455 2787 1531 2850 iuxta

355 2893 462 2959 fluuios
488 2895 604 2959 Oronos
628 2898 659 2958 et
680 2894 780 2958 lllorus
803 2894 989 2965 existentem,
1012 2913 1098 2979 quam
1115 2895 1210 2980 primo
1228 2895 1307 2960 idem
1322 2894 1464 2960 dominus
1479 2914 1529 2957 rex

355 3001 534 3087 Stephanus,
551 3000 657 3065 iisdem
669 3000 781 3065 Siculis
798 3001 964 3066 contulerat
978 3003 1121 3087 predictis
1140 3001 1265 3090 Syculis'
1278 3008 1309 3067 et
1324 3003 1385 3067 suis
1401 3002 1525 3068 heredi-

355 3111 411 3174 bus
426 3110 631 3194 heredumque
647 3130 766 3174 suorum
779 3111 1009 3176 successoribus
1024 3112 1054 3174 in
1070 3113 1381 3199 recompensacionem
1397 3111 1528 3176 fidebam

356 3220 549 3285 seruiciornm
567 3222 698 3305 ipsorum
715 3219 902 3305 Syculorum
919 3227 950 3285 et
970 3241 1026 3306 pro
1048 3223 1201 3304 octogiuta
1217 3222 1302 3306 equis
1318 3242 1393 3306 quos
1409 3220 1450 3286 ab
1467 3221 1527 3285 eis-

354 3329 421 3396 dem
434 3327 548 3396 Siculis
570 3333 601 3398 io
622 3335 723 3394 nostra
746 3329 929 3396 necessitate
945 3331 1132 3414 recepimus,
1154 3350 1219 3396 cum
1236 3330 1372 3394 omnibus
1388 3330 1526 3394 utilitati·

354 3440 410 3505 bus
426 3445 457 3504 et
472 3439 667 3522 pertinencijs
689 3437 751 3502 suis
768 3439 903 3504 dedimus
925 3443 955 3502 et
975 3441 1155 3504 contulimus
1178 3446 1209 3504 et
1229 3441 1323 3505 eciam
1346 3439 1525 3504 tradidimus

350 3548 420 3630 jure
435 3553 580 3632 perpetuo
596 3544 832 3612 irrevocabiliter
847 3546 1066 3630 possidendam.
1080 3548 1119 3612 Vt
1132 3548 1225 3630 igitur
1240 3545 1326 3612 huius
1342 3554 1448 3612 nostre
1463 3545 1525 3612 col·

352 3657 470 3723 lationis
487 3657 582 3722 series
598 3655 689 3722 robur
705 3655 837 3722 obtineat
859 3663 1005 3741 perpetue
1028 3656 1193 3728 firmitatis,
1214 3665 1374 3741 presentes
1397 3677 1522 3722 eonces-

353 3767 446 3832 simus
461 3767 594 3839 litteras,
621 3764 749 3849 duplicis
768 3764 859 3846 sigilli
879 3767 975 3832 nostri
989 3766 1148 3831 munimine
1163 3766 1327 3832 roboratas.
1348 3765 1458 3833 baum
1473 3785 1524 3850 per

353 3895 456 3942 manns
477 3875 656 3942 uenerabilis
678 3874 769 3958 patris
793 3872 935 3957 Gregorii
954 3875 1011 3940 Dei
1030 3876 1135 3957 gracia
1148 3875 1287 3959 episcopi
1301 3873 1521 3958 Chenadyensis

353 3985 420 4050 aule
447 3989 549 4050 nostre
575 3982 818 4066 vicecancellarij
851 3983 954 4048 dilecti
985 3988 1017 4048 et
1041 3983 1139 4049 tidelis
1160 3984 1275 4055 nostri,
1303 4002 1380 4048 anno
1415 3981 1522 4048 domini
1562 4035 1563 4038 ,

351 4091 482 4158 M⁰.CC⁰.
511 4093 713 4177 octuagesimo
730 4111 824 4164 nono,
850 4096 956 4177 quarto
980 4091 1097 4156 decimo
1116 4091 1261 4156 kalendas
1278 4090 1422 4158 Octobris
1437 4093 1518 4175 regni

352 4206 450 4268 autem
466 4201 560 4266 nosbi
576 4222 652 4270 unna
667 4201 784 4269 decimo
801 4206 917 4268 octauo.
