3150 5092
19 370 26 449 t
1170 357 1245 430 189

13 534 23 604 i
60 526 120 592 alia
139 550 322 615 quecunque
338 550 429 614 opera
446 529 563 600 fecerit,
580 532 674 596 libere
685 534 783 617 possit
794 535 934 606 vendere,
951 534 999 598 vel
1010 535 1121 598 donare
1131 534 1161 595 in
1177 534 1247 609 vita,

18 693 22 726 ἲ
59 637 110 702 vel
127 640 163 701 in
178 643 275 703 morte
292 638 458 724 cuicunque
474 640 630 713 voluerint,
647 647 697 705 aut
713 643 801 704 etiam
817 643 1006 715 recedentes,
1014 648 1044 706 et
1060 644 1136 707 sieut
1151 643 1246 708 libere

57 754 231 821 venerunt,
261 748 305 812 sic
331 747 427 812 libere
457 748 600 812 recedant
626 769 803 834 quocunque
827 751 990 821 voluerint,
1009 752 1091 834 J’usto
1111 753 1243 834 terragio

14 860 20 936 j
58 856 170 921 villico
183 877 287 923 eorum
311 879 364 943 pro
389 863 523 942 tempore
540 860 700 923 constituto
716 860 880 942 persoluto.
906 858 987 924 lianc
1008 863 1096 925 etiam
1119 861 1244 944 gratiam

18 992 21 1051 2
58 967 103 1030 eis
121 966 265 1033 duximus
282 969 456 1041 faciendam,
474 974 506 1031 ut
520 968 689 1055 quicunque
705 988 741 1033 ex
756 970 833 1052 ipsis
849 970 915 1033 sine
928 969 1041 1033 herede
1053 969 1246 1043 decederent,

13 1152 19 1159 „
57 1078 161 1141 omnia
185 1077 265 1141 bona
289 1099 341 1142 sua
369 1080 534 1163 cuicunque
557 1079 719 1151 voluerint,
748 1080 779 1142 in
806 1086 902 1144 morte
929 1101 982 1144 sua
1009 1080 1106 1146 libere
1132 1081 1247 1165 possint

18 1220 20 1269 3
57 1188 256 1273 relinquere,
275 1187 393 1271 legare,
411 1209 464 1255 seu
480 1190 612 1259 donare,
633 1209 690 1253 uuo
714 1188 789 1253 hove
809 1192 899 1253 tenne
922 1188 1002 1277 (sic)
1024 1190 1109 1255 nobis
1126 1188 1245 1254 donato.

18 1286 21 1378 l
57 1293 207 1361 Ceterum
222 1317 278 1381 pro
307 1298 437 1363 decensu
462 1302 565 1362 nostro
589 1298 684 1361 semel
699 1299 729 1362 in
745 1318 822 1361 anno
839 1318 925 1363 unum
941 1297 1046 1363 bovem
1062 1299 1244 1382 pascualem,

18 1386 26 1463 ³.
56 1412 87 1469 ct
104 1426 202 1470 unum
220 1426 353 1490 porcum,
367 1428 401 1472 ao
411 1428 498 1472 unam
511 1407 651 1471 tunellam
663 1408 724 1473 vini
740 1408 779 1471 de
794 1412 856 1472 tota
872 1406 951 1481 villa,
963 1409 1001 1472 de
1013 1408 1141 1491 singulis
1157 1410 1245 1473 etiam

55 1515 269 1581 mansionibus
285 1536 371 1580 unam
387 1515 536 1599 gallinam,
554 1536 642 1580 unum
658 1516 796 1581 cubulum
813 1536 916 1589 avene,
931 1521 961 1581 et
977 1517 1051 1581 duos
1068 1538 1160 1601 panes
1172 1519 1246 1582 dare

55 1624 187 1689 debent.
210 1626 283 1689 ltem
300 1626 426 1689 minutas
443 1646 548 1689 causas
564 1627 644 1690 inter
655 1626 738 1710 ipsos
750 1633 868 1690 exortas
888 1625 1004 1691 villicus
1017 1627 1149 1710 ipsorum
1162 1627 1245 1709 judi·

56 1736 153 1809 cabit,
173 1734 305 1816 majores
328 1742 425 1800 autem
449 1756 566 1808 causas,
589 1736 666 1801 sicut
683 1755 774 1819 super
791 1733 935 1799 eliusione
953 1736 1119 1817 sanguinis,
1135 1742 1242 1810 morte,

55 1847 153 1919 furto,
169 1852 201 1909 et
218 1844 363 1909 similibus
380 1840 482 1909 comes
494 1864 597 1909 corum
615 1864 681 1909 cum
692 1843 795 1908 villico
809 1844 964 1927 judicabit.
979 1844 1109 1928 Quorum
1123 1843 1243 1930 quidem

53 1956 244 2037 judiciorum
263 1954 320 2017 due
336 1958 439 2037 partes
457 1954 565 2018 cedent
588 1954 704 2025 comiti,
726 1954 815 2017 tertia
838 1959 923 2037 parte
949 1952 1049 2018 villico
1071 1961 1245 2019 remanente

14 2054 16 2057 ’
54 2064 237 2129 eorundem.
266 2063 365 2147 Super
391 2063 563 2129 vulneribus
591 2069 688 2127 autem
710 2063 886 2135 inferendis,
911 2067 942 2127 et
959 2060 1060 2136 illatis,
1082 2064 1243 2129 secundum

13 2163 19 2239 '2
54 2173 193 2240 vulneris
221 2171 295 2236 illati
315 2174 522 2256 quantitatem,
547 2179 643 2235 utrum
672 2171 791 2236 scilicet
813 2171 923 2254 major,
946 2172 994 2235 vel
1019 2173 1114 2236 minor
1137 2172 1246 2238 debeat

14 2272 20 2361 ζ
55 2284 201 2367 reputari
224 2280 312 2354 lesio,
334 2286 365 2344 et
384 2300 441 2364 per
461 2300 549 2364 quem
573 2280 691 2345 scilicet
708 2280 853 2363 judicem,
874 2280 921 2344 rel
937 2279 1066 2345 villicum
1083 2280 1122 2345 de
1137 2281 1243 2365 hujus·

19 2400 20 2403 ’
56 2392 141 2456 modi
169 2391 286 2456 lesione
314 2390 511 2466 decernatur,
538 2390 674 2462 modum,
703 2395 733 2453 et
763 2389 1008 2455 consuetudinem
1035 2390 1245 2475 Cybiniensem

18 2520 20 2569 J
56 2500 179 2565 eisdem
197 2499 333 2562 volumus
349 2499 451 2563 lacere
467 2498 631 2563 observari.
657 2498 700 2563 Ad
728 2497 785 2562 heo
807 2497 983 2562 indulsimus
1010 2499 1140 2575 eisdem,
1164 2503 1195 2563 ut
1217 2500 1244 2563 si

51 2608 153 2690 judex
168 2610 303 2694 ipsorum
327 2629 382 2692 pro
403 2613 540 2694 tempore
557 2608 753 2684 constitutus,
778 2608 809 2670 in
833 2606 1007 2686 exhigendis
1024 2606 1162 2688 judiciis,
1189 2628 1244 2672 seu

55 2719 124 2783 aliis
144 2716 371 2803 gravaminibus
387 2717 550 2783 inferendis
567 2738 602 2781 se
613 2718 756 2781 redderet
771 2717 968 2801 pertinacem,
992 2722 1021 2781 et
1044 2736 1191 2789 severum,
1214 2717 1245 2780 in

54 2849 135 2914 quo,
167 2833 201 2892 et
228 2827 258 2890 in
285 2826 391 2912 quibus
421 2825 544 2891 libertas
571 2827 702 2911 ipsorum
724 2825 901 2911 populorum
927 2831 1096 2891 nostrorum
1121 2826 1244 2907 infringi

13 3019 17 3028 ἡ
53 2939 231 3010 videretur,
260 2937 372 3021 absque
395 2936 501 3018 judicii
528 2938 711 3019 gravamine,
739 2957 793 3001 seu
815 2936 947 3020 cujusvis
969 2937 1077 3000 timore
1093 2956 1170 3021 pene
1185 2955 1243 2998 non

54 3049 204 3114 obstante
215 3052 346 3130 possunt
361 3047 453 3110 iidem
468 3047 572 3131 populi
589 3050 683 3111 nostri
695 3046 829 3128 judicem
846 3065 941 3122 suum,
959 3045 1055 3111 donec
1071 3066 1162 3130 super
1178 3045 1244 3129 ipso
1308 3043 1310 3050 ’

13 3234 14 3241 q
54 3156 186 3239 negotio
204 3176 257 3219 nos
273 3155 440 3233 consulant,
465 3154 638 3240 prohibere.
662 3156 693 3219 ln
713 3156 797 3238 cujus
818 3154 864 3219 rei
887 3154 1097 3229 testimonium,
1120 3159 1151 3218 et
1171 3174 1244 3238 per-

13 3246 14 3249 *
54 3270 183 3350 petuam
197 3262 364 3329 firmitatem
381 3269 538 3350 presentes
560 3264 764 3329 concessimus
784 3264 890 3329 literas
916 3262 1010 3347 sigilli
1026 3262 1120 3327 nostri
1146 3261 1243 3326 muni·

14 3445 15 3448 ,
52 3376 138 3440 mine
163 3371 328 3439 roboratas.
352 3374 460 3438 Datum
481 3373 557 3439 Albe
574 3378 678 3461 quarto
695 3373 745 3439 die
760 3372 993 3439 resurrectionis
1014 3371 1135 3437 domini.
1160 3373 1243 3436 Anno

14 3530 15 3533 ,
55 3484 174 3552 domini
191 3483 246 3549 bit.
264 3481 336 3549 00⁰.
354 3484 546 3569 nonagesimo
562 3484 675 3569 quinto.

590 3654 722 3725 cxcvi.

546 3773 625 3837 1295,
643 3774 688 3827 25.
706 3772 766 3828 lull.

152 3868 216 3933 Nos
239 3868 383 3950 magister
405 3865 483 3949 lllyle
504 3871 665 3951 preceptor
693 3867 798 3930 domus
813 3862 1042 3929 'cruciferorum
1067 3865 1105 3928 de
1120 3864 1243 3928 'l’hurda

55 3977 268 4065 significamus
288 3976 428 4039 memorie
444 3976 684 4040 commendantes
708 3974 814 4061 quibus
837 3973 957 4059 expedit
977 3974 1135 4038 universis.
1159 3972 1245 4056 Quod

56 4086 157 4177 Gyvla
171 4085 250 4151 lilius
263 4085 379 4149 comitis
395 4083 510 4149 liudolfi
527 4085 565 4148 de
578 4089 681 4149 sancto
697 4084 786 4149 Paulo
798 4083 825 4169 ¹)
840 4086 878 4149 de
890 4102 1004 4165 genere
1014 4084 1115 4148 Bursa
1127 4089 1242 4165 partem

56 4220 116 4265 scu
146 4194 336 4261 medietatem
359 4200 441 4258 terre
462 4192 619 4283 Sussaqt)
646 4214 732 4279 quam
756 4213 823 4257 cum
839 4192 954 4256 Thomu
976 4195 1008 4257 et
1028 4190 1162 4276 Nyeolao
1177 4190 1244 4254 tiliis

56 4306 144 4372 Petri
161 4302 343 4389 possidebat,
361 4307 392 4366 ct
407 4306 508 4387 patres
524 4322 626 4367 eorum
648 4305 796 4386 tamquam
812 4304 959 4384 exempto,
980 4321 997 4363 a
1014 4300 1123 4365 comite
1139 4297 1243 4383 Gyurlr

91 4522 120 4584 1)
138 4518 250 4581 Saentpdl
266 4522 296 4566 im
312 4521 438 4568 koloscber
454 4522 536 4568 Gemit.

90 4602 118 4666 ²)
136 4602 241 4650 Saucsak
258 4603 289 4649 im
306 4602 432 4648 kolosclror
449 4601 534 4647 comit.
