3150 5092
621 271 719 341 24

616 462 983 508 conseruare
1040 448 1104 506 et
1167 442 1286 526 piis
1353 443 1865 527 disposicionibus
1932 445 2348 507 auctoritatem
2402 443 2757 527 impendere
2820 444 3016 506 iustas

616 550 887 615 eiusdem
911 549 1248 633 peticiones
1268 555 1329 613 et
1347 551 1627 635 optimam
1654 551 2055 614 intencionem
2072 551 2530 615 considerantes
2545 550 2825 614 fauorem
2845 549 3021 613 adhi-

616 659 848 723 buimus
884 657 1280 738 condignum,
1325 659 1801 741 prenominatum
1832 659 2036 743 itaque
2078 663 2334 723 montem
2367 658 2540 722 simul
2573 678 2711 722 cum
2741 656 3018 722 ecclesia

617 770 679 828 et
710 770 937 828 terram
968 782 1102 827 cum
1136 767 1262 827 suis
1293 766 1687 849 pertinenciis
1714 765 1925 829 eodem
1955 765 2128 829 titulo
2164 765 2463 829 libertatis
2508 785 2625 848 quo
2656 765 2777 828 iam
2814 765 3016 829 dictus

619 873 910 953 magister
944 872 1282 937 Gocelinus
1316 892 1426 955 per
1459 894 1566 937 nos
1617 874 2000 956 possederat,
2051 873 2112 936 in
2160 873 2432 956 presenti
2462 873 2681 956 pagina
2725 873 3016 936 adnotata

614 981 869 1044 fecimus
925 980 1279 1043 auctoritate
1325 980 1515 1043 nostri
1557 979 1865 1062 priuilegii
1897 982 2278 1064 perempnari
2319 983 2760 1066 prememorato
2805 1000 3016 1043 mona-

613 1088 800 1151 sterio
832 1087 966 1149 iure
997 1092 1290 1170 perpetuo
1335 1086 1787 1169 possidendam.
1870 1088 2066 1150 Prima
2112 1092 2270 1152 meta
2312 1094 2479 1151 terre
2532 1089 2752 1151 montis
2798 1089 3019 1152 sancti

611 1194 948 1264 Michaelis
981 1195 1192 1278 incipit
1237 1193 1311 1257 ab
1345 1195 1582 1257 oriente
1630 1194 1690 1257 in
1722 1195 1879 1278 pede
1909 1194 2131 1278 alpium
2162 1200 2225 1259 et
2256 1194 2576 1259 descendit
2616 1216 2727 1279 per
2758 1200 3010 1258 torren-

610 1307 730 1366 tem
764 1300 1234 1365 descendentem
1261 1300 1333 1364 ab
1377 1302 1527 1384 ipsis
1561 1300 1801 1384 alpibus
1836 1322 2050 1366 uersus
2084 1301 2284 1365 uillam
2318 1305 2575 1375 Ruetel,
2620 1304 2799 1365 metis
2849 1303 3012 1366 assi-

613 1409 811 1493 gnatis
874 1429 1058 1472 secus
1121 1406 1377 1471 riuulum
1433 1427 1623 1490 usque
1680 1408 1753 1472 ad
1800 1410 1996 1482 uiam,
2052 1429 2170 1494 que
2216 1409 2385 1473 ducit
2416 1409 2494 1472 de
2525 1408 2659 1492 ipsa
2690 1415 2901 1473 monte
2933 1410 3014 1472 ad

614 1516 816 1580 villam
847 1514 1063 1580 Ruetel
1095 1515 1235 1578 inde
1265 1516 1482 1579 transit
1511 1515 1708 1598 ipsam
1756 1517 1909 1579 uiam
1958 1521 2021 1580 et
2062 1517 2338 1580 ascendit
2368 1537 2478 1600 per
2513 1517 2807 1601 quandam
2847 1519 3009 1580 uiam

615 1643 805 1708 usque
839 1623 915 1686 ad
946 1628 1166 1685 metam
1201 1642 1318 1705 que
1352 1621 1567 1686 diuidit
1621 1623 1927 1687 territoria
1982 1624 2061 1685 de
2107 1623 2247 1687 uilla
2296 1625 2580 1688 Hermani
2626 1628 2689 1686 et
2734 1623 2813 1686 de
2864 1625 3012 1688 uilla

613 1733 846 1796 Ruetel
890 1730 1031 1793 inde
1064 1729 1258 1793 tendit
1287 1730 1399 1793 sub
1448 1730 1607 1813 pede
1639 1730 1857 1794 montis
1914 1731 2221 1794 uinearum
2270 1731 2346 1794 de
2397 1731 2539 1795 uilla
2593 1733 2913 1797 Hermam·
2953 1740 3018 1794 et

613 1859 724 1921 per
748 1837 1046 1922 quandam
1078 1839 1356 1900 semitam
1389 1857 1505 1921 que
1533 1836 1702 1900 ducit
1732 1836 1807 1898 ad
1832 1836 2090 1901 insulam
2126 1836 2452 1902 Christiani
2487 1861 2679 1924 usque
2712 1839 3013 1902 uerticem

615 1944 832 2007 montis
896 1944 1202 2007 nemorosi
1268 1949 1329 2006 et
1391 1963 1503 2027 per
1553 1945 1741 2026 ipsam
1789 1946 2082 2009 verticem
2144 1946 2420 2009 ascendit
2464 1946 2682 2011 iterum
2728 1947 2788 2009 in
2834 1947 3011 2029 alpes

614 2073 831 2116 uersus
889 2051 1271 2116 occidentem
1330 2058 1392 2114 et
1442 2052 1526 2114 ibi
1584 2054 1957 2115 terminatur.
2028 2053 2179 2117 Item
2233 2055 2423 2117 eciam
2474 2055 2896 2118 confirmamus
2952 2056 3015 2119 in

615 2160 885 2243 presenti
915 2160 1242 2243 priuilegio
1268 2164 1490 2223 terram
1524 2179 1698 2243 quam
1733 2161 1901 2242 prius
1936 2160 2134 2224 eidem
2169 2164 2529 2226 monasterio
2564 2163 3016 2226 contuleramus

616 2272 949 2352 exemptam
966 2269 1043 2332 de
1059 2268 1286 2333 blaccis
1313 2288 1421 2351 pro
1454 2268 1725 2332 remedio
1760 2269 1955 2333 anime
1991 2275 2197 2335 nostre
2229 2292 2338 2354 per
2362 2270 2602 2335 fidelem
2632 2292 2705 2335 ac
2720 2272 3014 2336 dilectum

612 2381 880 2441 nostrum
913 2378 1327 2442 Benedictum
1358 2384 1510 2442 tunc
1540 2377 1849 2462 temporis
1879 2379 2307 2462 woyawodam
2350 2379 2649 2461 assignari
2682 2379 3009 2443 facientes.

617 2485 775 2548 Meta
807 2505 952 2550 vero
1008 2484 1182 2550 huius
1236 2489 1401 2547 terre
1448 2483 1751 2567 incipiens
1810 2505 1839 2546 a
1898 2483 2076 2547 fluuio
2120 2483 2261 2557 Alt,
2327 2486 2430 2550 ubi
2472 2485 2608 2548 finis
2664 2490 2759 2548 est
2805 2486 3016 2567 cujus-

618 2596 754 2659 dam
786 2595 980 2659 insule
1013 2594 1290 2659 ascendit
1333 2614 1446 2677 per
1487 2593 1766 2677 paludem
1830 2613 1949 2677 que
2012 2598 2260 2658 vocatur
2318 2596 2742 2681 Eywcrpotac
2815 2613 3014 2678 usque

611 2705 788 2786 fagos
841 2724 959 2789 que
1008 2703 1289 2767 dicuntur
1335 2702 1601 2788 noyebilc
1645 2705 1706 2765 et
1748 2703 1809 2764 in
1846 2700 1970 2765 fine
2034 2701 2329 2766 dictarum
2373 2703 2650 2783 fagorum
2720 2701 2890 2764 cadit
2947 2703 3012 2763 in

616 2811 870 2875 riuulum
917 2813 1019 2894 qui
1077 2809 1296 2884 dicitur
1350 2808 1566 2895 Arpas
1614 2813 1675 2870 et
1724 2808 1942 2872 exinde
1986 2828 2097 2891 per
2142 2809 2396 2871 eundem
2438 2808 2693 2872 riuulum
2730 2810 3015 2873 ascendit

613 2938 807 3003 usque
832 2919 1002 2999 alpes
1031 2923 1090 2981 et
1111 2937 1222 3001 per
1248 2917 1416 3000 alpes
1451 2917 1705 2978 ueniens
1730 2935 1949 2978 uersus
1979 2915 2303 2979 australem
2323 2915 2566 2999 plagam
2592 2915 2923 2979 descendit
2946 2917 3009 2978 in

609 3028 802 3089 riuum
838 3025 938 3107 qui
971 3025 1196 3088 dicitur
1230 3068 1383 3086 .....
1418 3043 1528 3106 per
1562 3022 1819 3086 eundem
1851 3024 2045 3086 riuum
2078 3025 2247 3087 uenit
2277 3025 2341 3085 in
2386 3024 2627 3087 fluuium
2658 3023 2768 3089 Alt
2805 3028 2871 3088 et
2917 3024 3010 3088 sic

615 3133 978 3194 terminatur.
1034 3130 1339 3202 Vtautem
1370 3130 1546 3193 huius
1582 3137 1790 3193 nostre
1822 3129 2301 3194 confirmacionis
2335 3131 2530 3194 series
2565 3131 2729 3194 salua
2758 3150 3013 3214 semper

613 3244 669 3300 et
689 3240 1051 3302 inconcussa
1084 3242 1455 3320 permaneat,
1482 3241 1828 3318 presentem
1847 3238 2256 3301 concessimus
2279 3239 2557 3322 paginam
2589 3237 2777 3320 sigilli
2810 3240 3008 3302 nostri

613 3344 931 3408 munimine
979 3345 1042 3406 in
1086 3348 1441 3427 perpetuum
1496 3343 1857 3407 roboratam.
1918 3345 2134 3408 Datum
2180 3365 2292 3428 per
2342 3365 2545 3408 manus
2606 3347 2801 3416 oleti,
2867 3345 3009 3409 aule

613 3458 818 3516 mestre
853 3451 1197 3516 cancellarii
1233 3456 1294 3514 et
1325 3451 1643 3534 Agriensis
1676 3452 1988 3535 prepositi.
2023 3454 2194 3515 Anno
2230 3452 2525 3517 dominice
2557 3455 3005 3518 incarnacionis

617 3558 972 3624 MCCXXHI.
1021 3559 1431 3640 Strigoniensi
1463 3558 1612 3622 sede
1660 3564 1946 3623 uacante:
1997 3562 2335 3625 reuerendo
2370 3560 2598 3642 Vgrino
2635 3560 3007 3626 Cholocensi

621 3668 1076 3751 archiepiscopo
1104 3668 1420 3729 existente.
1454 3667 1775 3732 Desiderio
1794 3667 2219 3739 Chenadiensi.
2244 3669 2509 3733 Roberto
2530 3668 3005 3752 Wesprimensi.

609 3777 914 3858 Stephano
963 3775 1380 3858 Zagrabieusi,
1444 3775 1679 3839 Thema
1736 3778 2039 3856 Agriensi‚
2098 3777 2335 3841 Briccio
2381 3777 2720 3849 Waciensi,
2781 3779 3005 3843 Barto-

613 3888 801 3945 lomeo
837 3881 1503 3965 Quinqueecclesiensi,
1549 3884 1880 3968 Reynaldo
1924 3885 2352 3949 Ultra-silicano
2396 3890 2457 3948 et
2503 3884 2636 3948 aliis
2694 3887 3003 3970 episcopis

609 3989 908 4052 ecclesias
956 3988 1057 4052 dei
1100 3989 1597 4070 gubernantibus.
1662 3990 1798 4054 Jula
1847 3991 2111 4074 palatino
2169 3995 2231 4053 et
2276 3993 2496 4055 comite
2567 3993 3001 4075 Budrugiensi.

613 4096 931 4160 Salamone
961 4095 1136 4158 bano.
1184 4095 1432 4159 Nicolao
1468 4096 1683 4160 curiali
1717 4100 1935 4161 comite
1985 4098 2199 4180 regine
2232 4103 2293 4161 et
2324 4101 2543 4162 comite
2573 4101 3001 4183 Supruniensi.

609 4207 790 4268 Hatez
825 4203 960 4266 aule
994 4209 1200 4266 nostre
1233 4202 1443 4266 curiali
1468 4205 1723 4276 comite,
1771 4209 1833 4268 et
1872 4206 2091 4268 comite
2140 4204 2512 4279 Bekesiensi,
2568 4207 2774 4270 Buzad
2805 4207 3002 4274 Poso-

609 4310 820 4382 niensi,
886 4309 1138 4375 Martino
1202 4310 1597 4382 Musuniensi,
1659 4311 1990 4374 Laurentio
2022 4313 2356 4375 Ywariensi
2402 4319 2466 4375 et
2511 4312 2645 4376 aliis
2679 4317 3003 4381 comitibus

609 4419 915 4480 comitatus
948 4417 1312 4483 tenentibus,
1365 4417 1558 4500 Regni
1593 4424 1791 4483 autem
1825 4422 2015 4484 nostri
2046 4439 2198 4483 anno
2233 4420 2539 4485 vicesimo.

3087 0 3149 748 l

3141 2060 3149 2321 l
