<?xml version="1.0" encoding="UTF-8"?>
<!DOCTYPE html PUBLIC "-//W3C//DTD XHTML 1.0 Transitional//EN"
    "http://www.w3.org/TR/xhtml1/DTD/xhtml1-transitional.dtd">
<html xmlns="http://www.w3.org/1999/xhtml" xml:lang="en" lang="en">
 <head>
  <title>
</title>
<meta http-equiv="Content-Type" content="text/html;charset=utf-8" />
  <meta name='ocr-system' content='tesseract 3.04.00' />
  <meta name='ocr-capabilities' content='ocr_page ocr_carea ocr_par ocr_line ocrx_word'/>
</head>
<body>
  <div class='ocr_page' id='page_1' title='image "./fontesrerumaust26kommgoog_0233.png"; bbox 0 0 3150 5092; ppageno 0'>
   <div class='ocr_carea' id='block_1_1' title="bbox 553 621 861 820">
    <p class='ocr_par' dir='ltr' id='par_1_1' title="bbox 553 621 861 820">
     <span class='ocr_line' id='line_1_1' title="bbox 651 621 788 694; baseline 0 -1"><span class='ocrx_word' id='word_1_1' title='bbox 651 621 788 694; x_wconf 82' lang='lat' dir='ltr'><strong>CXLIV.</strong></span> 
     </span>
     <span class='ocr_line' id='line_1_2' title="bbox 553 756 861 820; baseline -0.006 -6"><span class='ocrx_word' id='word_1_2' title='bbox 553 759 639 820; x_wconf 74' lang='lat'><strong>1287,</strong></span> <span class='ocrx_word' id='word_1_3' title='bbox 659 759 684 812; x_wconf 86' lang='lat' dir='ltr'>l.</span> <span class='ocrx_word' id='word_1_4' title='bbox 704 756 861 812; x_wconf 73' lang='lat' dir='ltr'><strong>November.</strong></span> 
     </span>
    </p>
   </div>
   <div class='ocr_carea' id='block_1_2' title="bbox 11 861 1306 4606">
    <p class='ocr_par' dir='ltr' id='par_1_2' title="bbox 11 861 1306 4606">
     <span class='ocr_line' id='line_1_3' title="bbox 197 861 1302 957; baseline -0.013 -21"><span class='ocrx_word' id='word_1_5' title='bbox 197 873 262 938; x_wconf 91' lang='lat' dir='ltr'>Nos</span> <span class='ocrx_word' id='word_1_6' title='bbox 279 872 440 957; x_wconf 90' lang='lat' dir='ltr'>capitulum</span> <span class='ocrx_word' id='word_1_7' title='bbox 457 870 592 935; x_wconf 79' lang='lat' dir='ltr'>ecclesie</span> <span class='ocrx_word' id='word_1_8' title='bbox 609 869 691 934; x_wconf 87' lang='lat' dir='ltr'>beati</span> <span class='ocrx_word' id='word_1_9' title='bbox 707 868 865 932; x_wconf 80' lang='lat' dir='ltr'>Michaelis</span> <span class='ocrx_word' id='word_1_10' title='bbox 887 864 1063 947; x_wconf 80' lang='lat' dir='ltr'>archangeli</span> <span class='ocrx_word' id='word_1_11' title='bbox 1083 861 1302 926; x_wconf 84' lang='lat' dir='ltr'>Transsiluane</span> 
     </span>
     <span class='ocr_line' id='line_1_4' title="bbox 107 968 1306 1059; baseline -0.011 -15"><span class='ocrx_word' id='word_1_12' title='bbox 107 983 253 1046; x_wconf 88' lang='lat' dir='ltr'>memorie</span> <span class='ocrx_word' id='word_1_13' title='bbox 269 980 512 1044; x_wconf 84' lang='lat' dir='ltr'>commendantes</span> <span class='ocrx_word' id='word_1_14' title='bbox 521 984 628 1043; x_wconf 87' lang='lat' dir='ltr'>tenore</span> <span class='ocrx_word' id='word_1_15' title='bbox 638 977 829 1059; x_wconf 87' lang='lat' dir='ltr'>presencium</span> <span class='ocrx_word' id='word_1_16' title='bbox 846 973 1050 1056; x_wconf 84' lang='lat' dir='ltr'>significamus</span> <span class='ocrx_word' id='word_1_17' title='bbox 1061 969 1170 1055; x_wconf 93' lang='lat' dir='ltr'>quibus</span> <span class='ocrx_word' id='word_1_18' title='bbox 1182 968 1306 1052; x_wconf 88' lang='lat' dir='ltr'>expedit</span> 
     </span>
     <span class='ocr_line' id='line_1_5' title="bbox 106 1077 1305 1171; baseline -0.013 -18"><span class='ocrx_word' id='word_1_19' title='bbox 106 1090 267 1159; x_wconf 76' lang='lat' dir='ltr'>universis,</span> <span class='ocrx_word' id='word_1_20' title='bbox 285 1087 365 1170; x_wconf 92' lang='lat' dir='ltr'>quod</span> <span class='ocrx_word' id='word_1_21' title='bbox 381 1087 526 1169; x_wconf 86' lang='lat' dir='ltr'>magister</span> <span class='ocrx_word' id='word_1_22' title='bbox 536 1085 699 1151; x_wconf 83' lang='lat' dir='ltr'>Jobcnnes</span> <span class='ocrx_word' id='word_1_23' title='bbox 710 1083 869 1171; x_wconf 77' lang='lat' dir='ltr'>lapicida</span> <span class='ocrx_word' id='word_1_24' title='bbox 883 1081 962 1145; x_wconf 88' lang='lat' dir='ltr'>lilius</span> <span class='ocrx_word' id='word_1_25' title='bbox 977 1080 1112 1163; x_wconf 85' lang='lat' dir='ltr'>Tynonis</span> <span class='ocrx_word' id='word_1_26' title='bbox 1128 1077 1168 1141; x_wconf 89' lang='lat' dir='ltr'>de</span> <span class='ocrx_word' id='word_1_27' title='bbox 1183 1077 1305 1140; x_wconf 89' lang='lat' dir='ltr'>ciuitate</span> 
     </span>
     <span class='ocr_line' id='line_1_6' title="bbox 110 1187 1304 1278; baseline -0.01 -18"><span class='ocrx_word' id='word_1_28' title='bbox 110 1196 217 1260; x_wconf 88' lang='lat' dir='ltr'>Sancti</span> <span class='ocrx_word' id='word_1_29' title='bbox 231 1216 247 1258; x_wconf 89' lang='lat' dir='ltr'>a</span> <span class='ocrx_word' id='word_1_30' title='bbox 261 1196 325 1258; x_wconf 88' lang='lat' dir='ltr'>Deo</span> <span class='ocrx_word' id='word_1_31' title='bbox 343 1195 404 1258; x_wconf 87' lang='lat' dir='ltr'>dati</span> <span class='ocrx_word' id='word_1_32' title='bbox 420 1196 450 1257; x_wconf 94' lang='lat' dir='ltr'>in</span> <span class='ocrx_word' id='word_1_33' title='bbox 467 1194 588 1278; x_wconf 87' lang='lat' dir='ltr'>propria</span> <span class='ocrx_word' id='word_1_34' title='bbox 605 1210 847 1277; x_wconf 85' lang='lat' dir='ltr'>personacoram</span> <span class='ocrx_word' id='word_1_35' title='bbox 864 1188 951 1252; x_wconf 90' lang='lat' dir='ltr'>nobis</span> <span class='ocrx_word' id='word_1_36' title='bbox 967 1187 1204 1256; x_wconf 85' lang='lat' dir='ltr'>constitutus,ex</span> <span class='ocrx_word' id='word_1_37' title='bbox 1216 1192 1304 1267; x_wconf 89' lang='lat' dir='ltr'>pacto</span> 
     </span>
     <span class='ocr_line' id='line_1_7' title="bbox 104 1293 1304 1385; baseline -0.008 -21"><span class='ocrx_word' id='word_1_38' title='bbox 104 1302 180 1365; x_wconf 86' lang='lat' dir='ltr'>inito</span> <span class='ocrx_word' id='word_1_39' title='bbox 206 1321 273 1365; x_wconf 89' lang='lat' dir='ltr'>cum</span> <span class='ocrx_word' id='word_1_40' title='bbox 296 1321 363 1364; x_wconf 80' lang='lat' dir='ltr'>ren.</span> <span class='ocrx_word' id='word_1_41' title='bbox 382 1307 466 1385; x_wconf 89' lang='lat' dir='ltr'>patre</span> <span class='ocrx_word' id='word_1_42' title='bbox 489 1299 607 1364; x_wconf 90' lang='lat' dir='ltr'>domino</span> <span class='ocrx_word' id='word_1_43' title='bbox 629 1300 663 1362; x_wconf 86' lang='lat' dir='ltr'>P.</span> <span class='ocrx_word' id='word_1_44' title='bbox 680 1299 826 1382; x_wconf 90' lang='lat' dir='ltr'>episcopo</span> <span class='ocrx_word' id='word_1_45' title='bbox 842 1295 959 1381; x_wconf 86' lang='lat' dir='ltr'>prelato</span> <span class='ocrx_word' id='word_1_46' title='bbox 983 1298 1085 1357; x_wconf 87' lang='lat' dir='ltr'>nostro</span> <span class='ocrx_word' id='word_1_47' title='bbox 1100 1293 1248 1374; x_wconf 91' lang='lat' dir='ltr'>obligauit</span> <span class='ocrx_word' id='word_1_48' title='bbox 1269 1313 1304 1355; x_wconf 88' lang='lat' dir='ltr'>se</span> 
     </span>
     <span class='ocr_line' id='line_1_8' title="bbox 106 1399 1304 1474; baseline -0.007 -2"><span class='ocrx_word' id='word_1_49' title='bbox 106 1410 298 1474; x_wconf 86' lang='lat' dir='ltr'>elenaturum</span> <span class='ocrx_word' id='word_1_50' title='bbox 320 1429 436 1472; x_wconf 86' lang='lat' dir='ltr'>murum</span> <span class='ocrx_word' id='word_1_51' title='bbox 458 1406 591 1471; x_wconf 82' lang='lat' dir='ltr'>ecclesie</span> <span class='ocrx_word' id='word_1_52' title='bbox 606 1411 711 1469; x_wconf 86' lang='lat' dir='ltr'>nostre</span> <span class='ocrx_word' id='word_1_53' title='bbox 726 1405 872 1468; x_wconf 90' lang='lat' dir='ltr'>uidelicet</span> <span class='ocrx_word' id='word_1_54' title='bbox 895 1402 1028 1466; x_wconf 86' lang='lat' dir='ltr'>ecclesie</span> <span class='ocrx_word' id='word_1_55' title='bbox 1050 1399 1130 1464; x_wconf 88' lang='lat' dir='ltr'>beati</span> <span class='ocrx_word' id='word_1_56' title='bbox 1146 1401 1304 1464; x_wconf 86' lang='lat' dir='ltr'>Michaelis</span> 
     </span>
     <span class='ocr_line' id='line_1_9' title="bbox 103 1507 1302 1600; baseline -0.005 -22"><span class='ocrx_word' id='word_1_57' title='bbox 103 1515 283 1597; x_wconf 82' lang='lat' dir='ltr'>archangeli</span> <span class='ocrx_word' id='word_1_58' title='bbox 299 1519 331 1577; x_wconf 89' lang='lat' dir='ltr'>et</span> <span class='ocrx_word' id='word_1_59' title='bbox 345 1517 442 1600; x_wconf 88' lang='lat' dir='ltr'>ipsius</span> <span class='ocrx_word' id='word_1_60' title='bbox 459 1514 536 1578; x_wconf 90' lang='lat' dir='ltr'>muri</span> <span class='ocrx_word' id='word_1_61' title='bbox 554 1513 726 1578; x_wconf 87' lang='lat' dir='ltr'>adiacencia</span> <span class='ocrx_word' id='word_1_62' title='bbox 744 1517 835 1595; x_wconf 89' lang='lat' dir='ltr'>prout</span> <span class='ocrx_word' id='word_1_63' title='bbox 849 1510 1003 1574; x_wconf 89' lang='lat' dir='ltr'>columnas</span> <span class='ocrx_word' id='word_1_64' title='bbox 1028 1507 1116 1572; x_wconf 91' lang='lat' dir='ltr'>simul</span> <span class='ocrx_word' id='word_1_65' title='bbox 1139 1527 1206 1574; x_wconf 88' lang='lat' dir='ltr'>cum</span> <span class='ocrx_word' id='word_1_66' title='bbox 1225 1511 1302 1573; x_wconf 87' lang='lat' dir='ltr'>turri</span> 
     </span>
     <span class='ocr_line' id='line_1_10' title="bbox 102 1617 1301 1706; baseline -0.005 -20"><span class='ocrx_word' id='word_1_67' title='bbox 102 1643 159 1686; x_wconf 92' lang='lat' dir='ltr'>seu</span> <span class='ocrx_word' id='word_1_68' title='bbox 172 1622 335 1706; x_wconf 86' lang='lat' dir='ltr'>campanili</span> <span class='ocrx_word' id='word_1_69' title='bbox 352 1623 432 1686; x_wconf 89' lang='lat' dir='ltr'>intus</span> <span class='ocrx_word' id='word_1_70' title='bbox 450 1627 480 1686; x_wconf 92' lang='lat' dir='ltr'>et</span> <span class='ocrx_word' id='word_1_71' title='bbox 495 1621 627 1684; x_wconf 83' lang='lat' dir='ltr'>exterius</span> <span class='ocrx_word' id='word_1_72' title='bbox 640 1640 707 1684; x_wconf 87' lang='lat' dir='ltr'>cum</span> <span class='ocrx_word' id='word_1_73' title='bbox 723 1619 875 1702; x_wconf 81' lang='lat' dir='ltr'>lapidibus</span> <span class='ocrx_word' id='word_1_74' title='bbox 891 1617 993 1701; x_wconf 81' lang='lat' dir='ltr'>politis</span> <span class='ocrx_word' id='word_1_75' title='bbox 1004 1623 1109 1699; x_wconf 88' lang='lat' dir='ltr'>preter</span> <span class='ocrx_word' id='word_1_76' title='bbox 1128 1617 1301 1681; x_wconf 87' lang='lat' dir='ltr'>interiorem</span> 
     </span>
     <span class='ocr_line' id='line_1_11' title="bbox 101 1725 1300 1812; baseline -0.005 -20"><span class='ocrx_word' id='word_1_77' title='bbox 101 1735 218 1812; x_wconf 81' lang='lat' dir='ltr'>partem</span> <span class='ocrx_word' id='word_1_78' title='bbox 234 1729 328 1794; x_wconf 85' lang='lat' dir='ltr'>turnis</span> <span class='ocrx_word' id='word_1_79' title='bbox 344 1751 361 1793; x_wconf 92' lang='lat' dir='ltr'>a</span> <span class='ocrx_word' id='word_1_80' title='bbox 376 1734 462 1812; x_wconf 89' lang='lat' dir='ltr'>parte</span> <span class='ocrx_word' id='word_1_81' title='bbox 478 1728 665 1792; x_wconf 78' lang='lat' dir='ltr'>meridionali</span> <span class='ocrx_word' id='word_1_82' title='bbox 681 1727 831 1810; x_wconf 87' lang='lat' dir='ltr'>incipiens</span> <span class='ocrx_word' id='word_1_83' title='bbox 853 1726 890 1788; x_wconf 88' lang='lat' dir='ltr'>ab</span> <span class='ocrx_word' id='word_1_84' title='bbox 907 1725 1029 1808; x_wconf 89' lang='lat' dir='ltr'>antiquo</span> <span class='ocrx_word' id='word_1_85' title='bbox 1046 1743 1156 1807; x_wconf 88' lang='lat' dir='ltr'>opere,</span> <span class='ocrx_word' id='word_1_86' title='bbox 1181 1729 1212 1787; x_wconf 90' lang='lat' dir='ltr'>et</span> <span class='ocrx_word' id='word_1_87' title='bbox 1227 1743 1300 1787; x_wconf 91' lang='lat' dir='ltr'>con-</span> 
     </span>
     <span class='ocr_line' id='line_1_12' title="bbox 101 1831 1301 1920; baseline -0.005 -20"><span class='ocrx_word' id='word_1_88' title='bbox 101 1838 248 1902; x_wconf 84' lang='lat' dir='ltr'>tinuando</span> <span class='ocrx_word' id='word_1_89' title='bbox 264 1836 323 1920; x_wconf 89' lang='lat' dir='ltr'>ipsi</span> <span class='ocrx_word' id='word_1_90' title='bbox 340 1838 461 1920; x_wconf 87' lang='lat' dir='ltr'>antiquo</span> <span class='ocrx_word' id='word_1_91' title='bbox 474 1836 559 1920; x_wconf 90' lang='lat' dir='ltr'>operi</span> <span class='ocrx_word' id='word_1_92' title='bbox 576 1836 657 1900; x_wconf 81' lang='lat' dir='ltr'>iuxta</span> <span class='ocrx_word' id='word_1_93' title='bbox 674 1835 803 1900; x_wconf 89' lang='lat' dir='ltr'>hostiurn</span> <span class='ocrx_word' id='word_1_94' title='bbox 821 1833 970 1917; x_wconf 87' lang='lat' dir='ltr'>perquod</span> <span class='ocrx_word' id='word_1_95' title='bbox 986 1831 1122 1894; x_wconf 90' lang='lat' dir='ltr'>dominus</span> <span class='ocrx_word' id='word_1_96' title='bbox 1139 1832 1301 1915; x_wconf 89' lang='lat' dir='ltr'>episcopus</span> 
     </span>
     <span class='ocr_line' id='line_1_13' title="bbox 100 1939 1300 2026; baseline -0.004 -17"><span class='ocrx_word' id='word_1_97' title='bbox 100 1946 132 2009; x_wconf 93' lang='lat' dir='ltr'>iu</span> <span class='ocrx_word' id='word_1_98' title='bbox 151 1945 313 2010; x_wconf 88' lang='lat' dir='ltr'>ecclesiam</span> <span class='ocrx_word' id='word_1_99' title='bbox 329 1944 443 2007; x_wconf 89' lang='lat' dir='ltr'>intrare</span> <span class='ocrx_word' id='word_1_100' title='bbox 459 1943 547 2016; x_wconf 87' lang='lat' dir='ltr'>solet,</span> <span class='ocrx_word' id='word_1_101' title='bbox 556 1947 587 2004; x_wconf 91' lang='lat' dir='ltr'>et</span> <span class='ocrx_word' id='word_1_102' title='bbox 603 1943 635 2004; x_wconf 93' lang='lat' dir='ltr'>in</span> <span class='ocrx_word' id='word_1_103' title='bbox 651 1962 735 2005; x_wconf 89' lang='lat' dir='ltr'>suum</span> <span class='ocrx_word' id='word_1_104' title='bbox 751 1941 855 2004; x_wconf 89' lang='lat' dir='ltr'>redire</span> <span class='ocrx_word' id='word_1_105' title='bbox 867 1939 1025 2026; x_wconf 83' lang='lat' dir='ltr'>palacium,</span> <span class='ocrx_word' id='word_1_106' title='bbox 1042 1939 1073 2000; x_wconf 94' lang='lat' dir='ltr'>in</span> <span class='ocrx_word' id='word_1_107' title='bbox 1090 1960 1126 2002; x_wconf 89' lang='lat' dir='ltr'>ea</span> <span class='ocrx_word' id='word_1_108' title='bbox 1143 1939 1300 2004; x_wconf 84' lang='lat' dir='ltr'>altitudine</span> 
     </span>
     <span class='ocr_line' id='line_1_14' title="bbox 100 2045 1301 2134; baseline -0.003 -19"><span class='ocrx_word' id='word_1_109' title='bbox 100 2053 133 2116; x_wconf 92' lang='lat' dir='ltr'>in</span> <span class='ocrx_word' id='word_1_110' title='bbox 150 2055 232 2123; x_wconf 88' lang='lat' dir='ltr'>toto,</span> <span class='ocrx_word' id='word_1_111' title='bbox 254 2051 286 2112; x_wconf 93' lang='lat' dir='ltr'>iu</span> <span class='ocrx_word' id='word_1_112' title='bbox 308 2070 366 2133; x_wconf 91' lang='lat' dir='ltr'>qua</span> <span class='ocrx_word' id='word_1_113' title='bbox 383 2071 483 2116; x_wconf 89' lang='lat' dir='ltr'>morus</span> <span class='ocrx_word' id='word_1_114' title='bbox 505 2049 601 2134; x_wconf 91' lang='lat' dir='ltr'>ipsius</span> <span class='ocrx_word' id='word_1_115' title='bbox 618 2049 750 2114; x_wconf 83' lang='lat' dir='ltr'>ecclesie</span> <span class='ocrx_word' id='word_1_116' title='bbox 766 2069 859 2132; x_wconf 91' lang='lat' dir='ltr'>super</span> <span class='ocrx_word' id='word_1_117' title='bbox 875 2049 986 2111; x_wconf 89' lang='lat' dir='ltr'>dictum</span> <span class='ocrx_word' id='word_1_118' title='bbox 1001 2045 1131 2110; x_wconf 87' lang='lat' dir='ltr'>hostium</span> <span class='ocrx_word' id='word_1_119' title='bbox 1148 2068 1203 2130; x_wconf 88' lang='lat' dir='ltr'>per</span> <span class='ocrx_word' id='word_1_120' title='bbox 1222 2049 1301 2111; x_wconf 80' lang='lat' dir='ltr'>anti·</span> 
     </span>
     <span class='ocr_line' id='line_1_15' title="bbox 101 2155 1303 2242; baseline -0.002 -19"><span class='ocrx_word' id='word_1_121' title='bbox 101 2177 196 2242; x_wconf 89' lang='lat' dir='ltr'>quum</span> <span class='ocrx_word' id='word_1_122' title='bbox 212 2176 288 2241; x_wconf 91' lang='lat' dir='ltr'>opus</span> <span class='ocrx_word' id='word_1_123' title='bbox 305 2157 418 2221; x_wconf 86' lang='lat' dir='ltr'>exstitit</span> <span class='ocrx_word' id='word_1_124' title='bbox 434 2156 570 2222; x_wconf 81' lang='lat' dir='ltr'>eleustus</span> <span class='ocrx_word' id='word_1_125' title='bbox 585 2176 639 2240; x_wconf 87' lang='lat' dir='ltr'>pro</span> <span class='ocrx_word' id='word_1_126' title='bbox 655 2156 848 2241; x_wconf 86' lang='lat' dir='ltr'>quinhaginta</span> <span class='ocrx_word' id='word_1_127' title='bbox 866 2155 976 2218; x_wconf 88' lang='lat' dir='ltr'>marcis</span> <span class='ocrx_word' id='word_1_128' title='bbox 1000 2155 1155 2220; x_wconf 84' lang='lat' dir='ltr'>terrestris</span> <span class='ocrx_word' id='word_1_129' title='bbox 1175 2157 1303 2237; x_wconf 77' lang='lat' dir='ltr'>argenti,</span> 
     </span>
     <span class='ocr_line' id='line_1_16' title="bbox 11 2262 1300 2352; baseline -0.002 -24"><span class='ocrx_word' id='word_1_130' title='bbox 11 2345 12 2352; x_wconf 6' lang='grc' dir='ltr'>ἵ</span> <span class='ocrx_word' id='word_1_131' title='bbox 101 2274 134 2329; x_wconf 91' lang='lat' dir='ltr'>et</span> <span class='ocrx_word' id='word_1_132' title='bbox 149 2265 274 2329; x_wconf 89' lang='lat' dir='ltr'>minoris</span> <span class='ocrx_word' id='word_1_133' title='bbox 291 2265 446 2346; x_wconf 89' lang='lat' dir='ltr'>ponderis,</span> <span class='ocrx_word' id='word_1_134' title='bbox 464 2263 626 2349; x_wconf 88' lang='lat' dir='ltr'>dequibus</span> <span class='ocrx_word' id='word_1_135' title='bbox 643 2263 838 2349; x_wconf 84' lang='lat' dir='ltr'>quinhaginta</span> <span class='ocrx_word' id='word_1_136' title='bbox 856 2265 977 2336; x_wconf 85' lang='lat' dir='ltr'>marcis,</span> <span class='ocrx_word' id='word_1_137' title='bbox 999 2262 1138 2348; x_wconf 88' lang='lat' dir='ltr'>predicto</span> <span class='ocrx_word' id='word_1_138' title='bbox 1153 2264 1300 2346; x_wconf 85' lang='lat' dir='ltr'>magistro</span> 
     </span>
     <span class='ocr_line' id='line_1_17' title="bbox 11 2357 1300 2455; baseline 0 -18"><span class='ocrx_word' id='word_1_139' title='bbox 11 2357 12 2394; x_wconf 71' lang='lat'>³</span> <span class='ocrx_word' id='word_1_140' title='bbox 101 2371 133 2437; x_wconf 80' lang='lat' dir='ltr'>J.</span> <span class='ocrx_word' id='word_1_141' title='bbox 150 2372 277 2435; x_wconf 87' lang='lat' dir='ltr'>racione</span> <span class='ocrx_word' id='word_1_142' title='bbox 294 2371 447 2435; x_wconf 87' lang='lat' dir='ltr'>cuiusdam</span> <span class='ocrx_word' id='word_1_143' title='bbox 469 2371 614 2434; x_wconf 89' lang='lat' dir='ltr'>homicidi</span> <span class='ocrx_word' id='word_1_144' title='bbox 635 2372 691 2434; x_wconf 90' lang='lat' dir='ltr'>alio</span> <span class='ocrx_word' id='word_1_145' title='bbox 715 2371 765 2434; x_wconf 88' lang='lat' dir='ltr'>die</span> <span class='ocrx_word' id='word_1_146' title='bbox 780 2370 857 2434; x_wconf 80' lang='lat' dir='ltr'>Albe</span> <span class='ocrx_word' id='word_1_147' title='bbox 878 2373 1045 2455; x_wconf 86' lang='lat' dir='ltr'>perpetrati</span> <span class='ocrx_word' id='word_1_148' title='bbox 1065 2371 1145 2433; x_wconf 91' lang='lat' dir='ltr'>idem</span> <span class='ocrx_word' id='word_1_149' title='bbox 1162 2371 1300 2437; x_wconf 89' lang='lat' dir='ltr'>dominus</span> 
     </span>
     <span class='ocr_line' id='line_1_18' title="bbox 11 2478 1300 2564; baseline -0.001 -20"><span class='ocrx_word' id='word_1_150' title='bbox 11 2541 12 2544; x_wconf 74' lang='grc'>,</span> <span class='ocrx_word' id='word_1_151' title='bbox 101 2480 280 2564; x_wconf 89' lang='lat' dir='ltr'>episcopus,</span> <span class='ocrx_word' id='word_1_152' title='bbox 296 2481 326 2543; x_wconf 96' lang='lat' dir='ltr'>in</span> <span class='ocrx_word' id='word_1_153' title='bbox 339 2479 495 2542; x_wconf 85' lang='lat' dir='ltr'>memorati</span> <span class='ocrx_word' id='word_1_154' title='bbox 511 2479 612 2561; x_wconf 88' lang='lat' dir='ltr'>operis</span> <span class='ocrx_word' id='word_1_155' title='bbox 624 2480 801 2543; x_wconf 88' lang='lat' dir='ltr'>incoacione</span> <span class='ocrx_word' id='word_1_156' title='bbox 815 2478 906 2542; x_wconf 89' lang='lat' dir='ltr'>solvit</span> <span class='ocrx_word' id='word_1_157' title='bbox 919 2483 987 2543; x_wconf 87' lang='lat' dir='ltr'>octo</span> <span class='ocrx_word' id='word_1_158' title='bbox 1002 2499 1128 2551; x_wconf 87' lang='lat' dir='ltr'>marcas,</span> <span class='ocrx_word' id='word_1_159' title='bbox 1147 2485 1179 2542; x_wconf 89' lang='lat' dir='ltr'>et</span> <span class='ocrx_word' id='word_1_160' title='bbox 1193 2481 1224 2542; x_wconf 92' lang='lat' dir='ltr'>in</span> <span class='ocrx_word' id='word_1_161' title='bbox 1236 2484 1300 2544; x_wconf 91' lang='lat' dir='ltr'>toto</span> 
     </span>
     <span class='ocr_line' id='line_1_19' title="bbox 101 2584 1300 2670; baseline 0.002 -20"><span class='ocrx_word' id='word_1_162' title='bbox 101 2587 203 2650; x_wconf 90' lang='lat' dir='ltr'>eidem</span> <span class='ocrx_word' id='word_1_163' title='bbox 221 2587 366 2668; x_wconf 86' lang='lat' dir='ltr'>magistro</span> <span class='ocrx_word' id='word_1_164' title='bbox 382 2584 411 2648; x_wconf 84' lang='lat' dir='ltr'>J.</span> <span class='ocrx_word' id='word_1_165' title='bbox 429 2585 594 2668; x_wconf 88' lang='lat' dir='ltr'>complebit</span> <span class='ocrx_word' id='word_1_166' title='bbox 609 2585 638 2647; x_wconf 92' lang='lat' dir='ltr'>in</span> <span class='ocrx_word' id='word_1_167' title='bbox 655 2585 791 2649; x_wconf 86' lang='lat' dir='ltr'>terminis</span> <span class='ocrx_word' id='word_1_168' title='bbox 807 2586 1019 2670; x_wconf 84' lang='lat' dir='ltr'>infrascriptis.</span> <span class='ocrx_word' id='word_1_169' title='bbox 1035 2586 1141 2651; x_wconf 78' lang='lat' dir='ltr'>Adata</span> <span class='ocrx_word' id='word_1_170' title='bbox 1154 2587 1300 2654; x_wconf 81' lang='lat' dir='ltr'>videlicet</span> 
     </span>
     <span class='ocr_line' id='line_1_20' title="bbox 99 2693 1297 2778; baseline 0.003 -22"><span class='ocrx_word' id='word_1_171' title='bbox 99 2694 296 2777; x_wconf 87' lang='lat' dir='ltr'>presencium</span> <span class='ocrx_word' id='word_1_172' title='bbox 314 2713 407 2778; x_wconf 91' lang='lat' dir='ltr'>usque</span> <span class='ocrx_word' id='word_1_173' title='bbox 424 2696 546 2757; x_wconf 88' lang='lat' dir='ltr'>octavas</span> <span class='ocrx_word' id='word_1_174' title='bbox 569 2711 679 2777; x_wconf 87' lang='lat' dir='ltr'>passce</span> <span class='ocrx_word' id='word_1_175' title='bbox 703 2693 832 2774; x_wconf 90' lang='lat' dir='ltr'>singulis</span> <span class='ocrx_word' id='word_1_176' title='bbox 856 2695 1011 2757; x_wconf 91' lang='lat' dir='ltr'>mensibus</span> <span class='ocrx_word' id='word_1_177' title='bbox 1028 2694 1163 2776; x_wconf 89' lang='lat' dir='ltr'>singulas</span> <span class='ocrx_word' id='word_1_178' title='bbox 1179 2715 1297 2760; x_wconf 90' lang='lat' dir='ltr'>marcas</span> 
     </span>
     <span class='ocr_line' id='line_1_21' title="bbox 98 2800 1296 2884; baseline 0.002 -20"><span class='ocrx_word' id='word_1_179' title='bbox 98 2802 273 2884; x_wconf 86' lang='lat' dir='ltr'>persolvet,</span> <span class='ocrx_word' id='word_1_180' title='bbox 302 2802 332 2863; x_wconf 95' lang='lat' dir='ltr'>in</span> <span class='ocrx_word' id='word_1_181' title='bbox 358 2800 533 2883; x_wconf 85' lang='lat' dir='ltr'>ipsis-enirn</span> <span class='ocrx_word' id='word_1_182' title='bbox 551 2800 664 2864; x_wconf 81' lang='lat' dir='ltr'>octavis</span> <span class='ocrx_word' id='word_1_183' title='bbox 689 2820 797 2882; x_wconf 87' lang='lat' dir='ltr'>passce</span> <span class='ocrx_word' id='word_1_184' title='bbox 820 2800 902 2863; x_wconf 87' lang='lat' dir='ltr'>dabit</span> <span class='ocrx_word' id='word_1_185' title='bbox 918 2821 971 2864; x_wconf 85' lang='lat' dir='ltr'>sex</span> <span class='ocrx_word' id='word_1_186' title='bbox 989 2821 1114 2875; x_wconf 87' lang='lat' dir='ltr'>marcas,</span> <span class='ocrx_word' id='word_1_187' title='bbox 1131 2804 1162 2865; x_wconf 93' lang='lat' dir='ltr'>iu</span> <span class='ocrx_word' id='word_1_188' title='bbox 1179 2802 1296 2866; x_wconf 87' lang='lat' dir='ltr'>octavis</span> 
     </span>
     <span class='ocr_line' id='line_1_22' title="bbox 102 2906 1299 2992; baseline 0.003 -21"><span class='ocrx_word' id='word_1_189' title='bbox 102 2906 292 2972; x_wconf 89' lang='lat' dir='ltr'>ascensionis</span> <span class='ocrx_word' id='word_1_190' title='bbox 310 2907 420 2970; x_wconf 89' lang='lat' dir='ltr'>domini</span> <span class='ocrx_word' id='word_1_191' title='bbox 437 2907 544 2969; x_wconf 90' lang='lat' dir='ltr'>decem</span> <span class='ocrx_word' id='word_1_192' title='bbox 561 2923 688 2978; x_wconf 88' lang='lat' dir='ltr'>marcas,</span> <span class='ocrx_word' id='word_1_193' title='bbox 706 2907 737 2969; x_wconf 98' lang='lat' dir='ltr'>in</span> <span class='ocrx_word' id='word_1_194' title='bbox 753 2908 833 2970; x_wconf 85' lang='lat' dir='ltr'>festo</span> <span class='ocrx_word' id='word_1_195' title='bbox 849 2908 930 2971; x_wconf 90' lang='lat' dir='ltr'>beati</span> <span class='ocrx_word' id='word_1_196' title='bbox 945 2907 1069 2972; x_wconf 82' lang='lat' dir='ltr'>lohanis</span> <span class='ocrx_word' id='word_1_197' title='bbox 1086 2910 1217 2992; x_wconf 87' lang='lat' dir='ltr'>baptiste</span> <span class='ocrx_word' id='word_1_198' title='bbox 1239 2911 1299 2974; x_wconf 87' lang='lat' dir='ltr'>ite·</span> 
     </span>
     <span class='ocr_line' id='line_1_23' title="bbox 99 3013 1297 3099; baseline 0.001 -20"><span class='ocrx_word' id='word_1_199' title='bbox 99 3037 169 3080; x_wconf 88' lang='lat' dir='ltr'>rum</span> <span class='ocrx_word' id='word_1_200' title='bbox 197 3015 305 3078; x_wconf 90' lang='lat' dir='ltr'>decem</span> <span class='ocrx_word' id='word_1_201' title='bbox 327 3032 460 3084; x_wconf 87' lang='lat' dir='ltr'>marcas,</span> <span class='ocrx_word' id='word_1_202' title='bbox 489 3013 620 3077; x_wconf 86' lang='lat' dir='ltr'>infesto</span> <span class='ocrx_word' id='word_1_203' title='bbox 643 3013 725 3076; x_wconf 87' lang='lat' dir='ltr'>beati</span> <span class='ocrx_word' id='word_1_204' title='bbox 747 3013 854 3078; x_wconf 79' lang='lat' dir='ltr'>iacobi</span> <span class='ocrx_word' id='word_1_205' title='bbox 879 3017 1008 3099; x_wconf 91' lang='lat' dir='ltr'>apostoli</span> <span class='ocrx_word' id='word_1_206' title='bbox 1029 3016 1167 3081; x_wconf 89' lang='lat' dir='ltr'>residuas</span> <span class='ocrx_word' id='word_1_207' title='bbox 1190 3019 1297 3082; x_wconf 89' lang='lat' dir='ltr'>decem</span> 
     </span>
     <span class='ocr_line' id='line_1_24' title="bbox 99 3120 1297 3208; baseline 0.001 -21"><span class='ocrx_word' id='word_1_208' title='bbox 99 3143 220 3187; x_wconf 89' lang='lat' dir='ltr'>marcas</span> <span class='ocrx_word' id='word_1_209' title='bbox 250 3122 384 3205; x_wconf 87' lang='lat' dir='ltr'>proxime</span> <span class='ocrx_word' id='word_1_210' title='bbox 415 3120 565 3193; x_wconf 85' lang='lat' dir='ltr'>venturis,</span> <span class='ocrx_word' id='word_1_211' title='bbox 594 3123 635 3184; x_wconf 93' lang='lat' dir='ltr'>ita</span> <span class='ocrx_word' id='word_1_212' title='bbox 659 3125 759 3186; x_wconf 87' lang='lat' dir='ltr'>tamen</span> <span class='ocrx_word' id='word_1_213' title='bbox 782 3123 863 3206; x_wconf 88' lang='lat' dir='ltr'>quod</span> <span class='ocrx_word' id='word_1_214' title='bbox 886 3125 913 3185; x_wconf 92' lang='lat' dir='ltr'>si</span> <span class='ocrx_word' id='word_1_215' title='bbox 944 3125 1023 3187; x_wconf 86' lang='lat' dir='ltr'>forte</span> <span class='ocrx_word' id='word_1_216' title='bbox 1046 3124 1125 3189; x_wconf 90' lang='lat' dir='ltr'>idem</span> <span class='ocrx_word' id='word_1_217' title='bbox 1150 3127 1297 3208; x_wconf 85' lang='lat' dir='ltr'>magister</span> 
     </span>
     <span class='ocr_line' id='line_1_25' title="bbox 11 3228 1296 3315; baseline 0.002 -21"><span class='ocrx_word' id='word_1_218' title='bbox 11 3264 12 3271; x_wconf 20' lang='grc' dir='ltr'><strong>κ</strong></span> <span class='ocrx_word' id='word_1_219' title='bbox 97 3230 256 3294; x_wconf 80' lang='lat' dir='ltr'>iohannes</span> <span class='ocrx_word' id='word_1_220' title='bbox 278 3249 354 3312; x_wconf 90' lang='lat' dir='ltr'>opus</span> <span class='ocrx_word' id='word_1_221' title='bbox 381 3249 468 3292; x_wconf 89' lang='lat' dir='ltr'>suum</span> <span class='ocrx_word' id='word_1_222' title='bbox 496 3233 565 3292; x_wconf 91' lang='lat' dir='ltr'>ante</span> <span class='ocrx_word' id='word_1_223' title='bbox 586 3228 652 3309; x_wconf 90' lang='lat' dir='ltr'>ipsa</span> <span class='ocrx_word' id='word_1_224' title='bbox 673 3232 809 3312; x_wconf 87' lang='lat' dir='ltr'>tempora</span> <span class='ocrx_word' id='word_1_225' title='bbox 831 3230 981 3312; x_wconf 88' lang='lat' dir='ltr'>perlicere</span> <span class='ocrx_word' id='word_1_226' title='bbox 997 3232 1126 3315; x_wconf 88' lang='lat' dir='ltr'>poterit,</span> <span class='ocrx_word' id='word_1_227' title='bbox 1159 3232 1296 3296; x_wconf 91' lang='lat' dir='ltr'>dominus</span> 
     </span>
     <span class='ocr_line' id='line_1_26' title="bbox 99 3336 1298 3423; baseline 0.001 -21"><span class='ocrx_word' id='word_1_228' title='bbox 99 3339 264 3422; x_wconf 90' lang='lat' dir='ltr'>episcopus</span> <span class='ocrx_word' id='word_1_229' title='bbox 281 3337 418 3400; x_wconf 89' lang='lat' dir='ltr'>similiter</span> <span class='ocrx_word' id='word_1_230' title='bbox 434 3341 504 3399; x_wconf 89' lang='lat' dir='ltr'>ante</span> <span class='ocrx_word' id='word_1_231' title='bbox 521 3336 627 3398; x_wconf 90' lang='lat' dir='ltr'>cadem</span> <span class='ocrx_word' id='word_1_232' title='bbox 654 3341 791 3418; x_wconf 89' lang='lat' dir='ltr'>tempora</span> <span class='ocrx_word' id='word_1_233' title='bbox 814 3339 1010 3420; x_wconf 84' lang='lat' dir='ltr'>quantitatem</span> <span class='ocrx_word' id='word_1_234' title='bbox 1026 3345 1187 3403; x_wconf 89' lang='lat' dir='ltr'>memorate</span> <span class='ocrx_word' id='word_1_235' title='bbox 1203 3360 1298 3423; x_wconf 90' lang='lat' dir='ltr'>peca-</span> 
     </span>
     <span class='ocr_line' id='line_1_27' title="bbox 99 3443 1293 3529; baseline 0.003 -22"><span class='ocrx_word' id='word_1_236' title='bbox 99 3445 150 3508; x_wconf 88' lang='lat' dir='ltr'>nie</span> <span class='ocrx_word' id='word_1_237' title='bbox 167 3445 286 3507; x_wconf 86' lang='lat' dir='ltr'>scilicet</span> <span class='ocrx_word' id='word_1_238' title='bbox 302 3444 435 3526; x_wconf 86' lang='lat' dir='ltr'>ipsarum</span> <span class='ocrx_word' id='word_1_239' title='bbox 458 3443 673 3526; x_wconf 87' lang='lat' dir='ltr'>quinquaginta</span> <span class='ocrx_word' id='word_1_240' title='bbox 695 3461 864 3507; x_wconf 88' lang='lat' dir='ltr'>marcarum</span> <span class='ocrx_word' id='word_1_241' title='bbox 881 3445 940 3508; x_wconf 88' lang='lat' dir='ltr'>sibi</span> <span class='ocrx_word' id='word_1_242' title='bbox 956 3448 1107 3511; x_wconf 86' lang='lat' dir='ltr'>tenebitur</span> <span class='ocrx_word' id='word_1_243' title='bbox 1129 3448 1293 3529; x_wconf 88' lang='lat' dir='ltr'>integrare,</span> 
     </span>
     <span class='ocr_line' id='line_1_28' title="bbox 98 3548 1296 3633; baseline 0.002 -19"><span class='ocrx_word' id='word_1_244' title='bbox 98 3552 294 3615; x_wconf 90' lang='lat' dir='ltr'>nihilominus</span> <span class='ocrx_word' id='word_1_245' title='bbox 310 3550 346 3613; x_wconf 88' lang='lat' dir='ltr'>ab</span> <span class='ocrx_word' id='word_1_246' title='bbox 363 3551 429 3633; x_wconf 91' lang='lat' dir='ltr'>ipsa</span> <span class='ocrx_word' id='word_1_247' title='bbox 448 3551 516 3613; x_wconf 86' lang='lat' dir='ltr'>data</span> <span class='ocrx_word' id='word_1_248' title='bbox 528 3548 720 3633; x_wconf 87' lang='lat' dir='ltr'>presencium</span> <span class='ocrx_word' id='word_1_249' title='bbox 733 3555 888 3632; x_wconf 81' lang='lat' dir='ltr'>pretectus</span> <span class='ocrx_word' id='word_1_250' title='bbox 901 3554 1045 3633; x_wconf 84' lang='lat' dir='ltr'>magister</span> <span class='ocrx_word' id='word_1_251' title='bbox 1056 3554 1212 3619; x_wconf 83' lang='lat' dir='ltr'>lohannes</span> <span class='ocrx_word' id='word_1_252' title='bbox 1228 3575 1296 3618; x_wconf 88' lang='lat' dir='ltr'>cum</span> 
     </span>
     <span class='ocr_line' id='line_1_29' title="bbox 99 3655 1295 3745; baseline 0.001 -22"><span class='ocrx_word' id='word_1_253' title='bbox 99 3679 160 3723; x_wconf 94' lang='lat' dir='ltr'>uno</span> <span class='ocrx_word' id='word_1_254' title='bbox 184 3660 269 3723; x_wconf 93' lang='lat' dir='ltr'>socio</span> <span class='ocrx_word' id='word_1_255' title='bbox 292 3657 351 3721; x_wconf 90' lang='lat' dir='ltr'>sibi</span> <span class='ocrx_word' id='word_1_256' title='bbox 377 3657 519 3736; x_wconf 87' lang='lat' dir='ltr'>adjoncto</span> <span class='ocrx_word' id='word_1_257' title='bbox 541 3657 572 3720; x_wconf 93' lang='lat' dir='ltr'>iu</span> <span class='ocrx_word' id='word_1_258' title='bbox 596 3655 746 3739; x_wconf 87' lang='lat' dir='ltr'>poliendis</span> <span class='ocrx_word' id='word_1_259' title='bbox 767 3658 917 3740; x_wconf 89' lang='lat' dir='ltr'>lapidibus</span> <span class='ocrx_word' id='word_1_260' title='bbox 939 3663 1038 3723; x_wconf 87' lang='lat' dir='ltr'>statim</span> <span class='ocrx_word' id='word_1_261' title='bbox 1061 3661 1175 3745; x_wconf 88' lang='lat' dir='ltr'>absque</span> <span class='ocrx_word' id='word_1_262' title='bbox 1196 3661 1295 3724; x_wconf 90' lang='lat' dir='ltr'>medio</span> 
     </span>
     <span class='ocr_line' id='line_1_30' title="bbox 99 3765 1295 3853; baseline 0.003 -24"><span class='ocrx_word' id='word_1_263' title='bbox 99 3767 201 3850; x_wconf 86' lang='lat' dir='ltr'>aliquo</span> <span class='ocrx_word' id='word_1_264' title='bbox 218 3765 310 3829; x_wconf 87' lang='lat' dir='ltr'>debet</span> <span class='ocrx_word' id='word_1_265' title='bbox 324 3766 422 3849; x_wconf 90' lang='lat' dir='ltr'>ipsum</span> <span class='ocrx_word' id='word_1_266' title='bbox 439 3783 514 3847; x_wconf 92' lang='lat' dir='ltr'>opus</span> <span class='ocrx_word' id='word_1_267' title='bbox 535 3765 666 3836; x_wconf 78' lang='lat' dir='ltr'>insuere,</span> <span class='ocrx_word' id='word_1_268' title='bbox 691 3768 722 3827; x_wconf 84' lang='lat' dir='ltr'>et</span> <span class='ocrx_word' id='word_1_269' title='bbox 737 3786 793 3849; x_wconf 93' lang='lat' dir='ltr'>per</span> <span class='ocrx_word' id='word_1_270' title='bbox 808 3771 902 3830; x_wconf 89' lang='lat' dir='ltr'>totam</span> <span class='ocrx_word' id='word_1_271' title='bbox 918 3767 1026 3830; x_wconf 89' lang='lat' dir='ltr'>iemem</span> <span class='ocrx_word' id='word_1_272' title='bbox 1043 3768 1156 3852; x_wconf 88' lang='lat' dir='ltr'>absque</span> <span class='ocrx_word' id='word_1_273' title='bbox 1172 3769 1295 3853; x_wconf 89' lang='lat' dir='ltr'>aliquali</span> 
     </span>
     <span class='ocr_line' id='line_1_31' title="bbox 98 3870 1295 3961; baseline 0.003 -24"><span class='ocrx_word' id='word_1_274' title='bbox 98 3873 326 3938; x_wconf 82' lang='lat' dir='ltr'>intermissione</span> <span class='ocrx_word' id='word_1_275' title='bbox 341 3873 490 3942; x_wconf 87' lang='lat' dir='ltr'>laborare,</span> <span class='ocrx_word' id='word_1_276' title='bbox 512 3870 627 3956; x_wconf 90' lang='lat' dir='ltr'>lapides</span> <span class='ocrx_word' id='word_1_277' title='bbox 643 3877 753 3943; x_wconf 87' lang='lat' dir='ltr'>tamen.</span> <span class='ocrx_word' id='word_1_278' title='bbox 775 3880 954 3946; x_wconf 85' lang='lat' dir='ltr'>cementum,</span> <span class='ocrx_word' id='word_1_279' title='bbox 982 3897 1113 3949; x_wconf 85' lang='lat' dir='ltr'>arenam,</span> <span class='ocrx_word' id='word_1_280' title='bbox 1136 3897 1242 3961; x_wconf 89' lang='lat' dir='ltr'>aquam</span> <span class='ocrx_word' id='word_1_281' title='bbox 1264 3881 1295 3940; x_wconf 91' lang='lat' dir='ltr'>et</span> 
     </span>
     <span class='ocr_line' id='line_1_32' title="bbox 98 3981 1295 4068; baseline 0.004 -24"><span class='ocrx_word' id='word_1_282' title='bbox 98 3981 272 4064; x_wconf 86' lang='lat' dir='ltr'>lignamina,</span> <span class='ocrx_word' id='word_1_283' title='bbox 290 3983 390 4064; x_wconf 92' lang='lat' dir='ltr'>sique</span> <span class='ocrx_word' id='word_1_284' title='bbox 407 3983 495 4042; x_wconf 89' lang='lat' dir='ltr'>erunt</span> <span class='ocrx_word' id='word_1_285' title='bbox 510 3999 564 4061; x_wconf 89' lang='lat' dir='ltr'>pro</span> <span class='ocrx_word' id='word_1_286' title='bbox 581 3981 648 4062; x_wconf 90' lang='lat' dir='ltr'>ipso</span> <span class='ocrx_word' id='word_1_287' title='bbox 666 4001 758 4063; x_wconf 88' lang='lat' dir='ltr'>opere</span> <span class='ocrx_word' id='word_1_288' title='bbox 775 3983 959 4054; x_wconf 85' lang='lat' dir='ltr'>necessaria,</span> <span class='ocrx_word' id='word_1_289' title='bbox 977 3984 1114 4047; x_wconf 90' lang='lat' dir='ltr'>dominus</span> <span class='ocrx_word' id='word_1_290' title='bbox 1132 3986 1295 4068; x_wconf 89' lang='lat' dir='ltr'>episcopus</span> 
     </span>
     <span class='ocr_line' id='line_1_33' title="bbox 98 4087 1294 4173; baseline 0.003 -21"><span class='ocrx_word' id='word_1_291' title='bbox 98 4089 215 4152; x_wconf 90' lang='lat' dir='ltr'>deferri</span> <span class='ocrx_word' id='word_1_292' title='bbox 222 4090 323 4164; x_wconf 85' lang='lat' dir='ltr'>faciet,</span> <span class='ocrx_word' id='word_1_293' title='bbox 331 4093 362 4150; x_wconf 90' lang='lat' dir='ltr'>et</span> <span class='ocrx_word' id='word_1_294' title='bbox 373 4087 483 4170; x_wconf 90' lang='lat' dir='ltr'>deponi</span> <span class='ocrx_word' id='word_1_295' title='bbox 496 4087 575 4150; x_wconf 85' lang='lat' dir='ltr'>iuxta</span> <span class='ocrx_word' id='word_1_296' title='bbox 591 4087 722 4150; x_wconf 91' lang='lat' dir='ltr'>ecclesie</span> <span class='ocrx_word' id='word_1_297' title='bbox 731 4088 951 4152; x_wconf 78' lang='lat' dir='ltr'>fundamentum</span> <span class='ocrx_word' id='word_1_298' title='bbox 962 4092 1109 4173; x_wconf 90' lang='lat' dir='ltr'>ponenda,</span> <span class='ocrx_word' id='word_1_299' title='bbox 1120 4093 1294 4165; x_wconf 84' lang='lat' dir='ltr'>ordinanda,</span> 
     </span>
     <span class='ocr_line' id='line_1_34' title="bbox 99 4194 1294 4280; baseline 0.003 -20"><span class='ocrx_word' id='word_1_300' title='bbox 99 4199 129 4259; x_wconf 86' lang='lat' dir='ltr'>ct</span> <span class='ocrx_word' id='word_1_301' title='bbox 146 4195 288 4268; x_wconf 89' lang='lat' dir='ltr'>locanda,</span> <span class='ocrx_word' id='word_1_302' title='bbox 304 4197 332 4257; x_wconf 95' lang='lat' dir='ltr'>in</span> <span class='ocrx_word' id='word_1_303' title='bbox 353 4214 446 4278; x_wconf 88' lang='lat' dir='ltr'>opere</span> <span class='ocrx_word' id='word_1_304' title='bbox 463 4200 553 4278; x_wconf 91' lang='lat' dir='ltr'>prout</span> <span class='ocrx_word' id='word_1_305' title='bbox 569 4194 682 4258; x_wconf 90' lang='lat' dir='ltr'>debent</span> <span class='ocrx_word' id='word_1_306' title='bbox 698 4194 850 4260; x_wconf 85' lang='lat' dir='ltr'>laboribus</span> <span class='ocrx_word' id='word_1_307' title='bbox 862 4197 1000 4280; x_wconf 86' lang='lat' dir='ltr'>magistri</span> <span class='ocrx_word' id='word_1_308' title='bbox 1016 4199 1168 4262; x_wconf 88' lang='lat' dir='ltr'>lohannes</span> <span class='ocrx_word' id='word_1_309' title='bbox 1182 4221 1294 4263; x_wconf 92' lang='lat' dir='ltr'>memo-</span> 
     </span>
     <span class='ocr_line' id='line_1_35' title="bbox 98 4288 1296 4389; baseline 0.002 -20"><span class='ocrx_word' id='word_1_310' title='bbox 98 4303 353 4389; x_wconf 77' lang='lat' dir='ltr'>rati-perlecto</span> <span class='ocrx_word' id='word_1_311' title='bbox 362 4303 441 4366; x_wconf 90' lang='lat' dir='ltr'>enim</span> <span class='ocrx_word' id='word_1_312' title='bbox 451 4321 543 4384; x_wconf 86' lang='lat' dir='ltr'>opere</span> <span class='ocrx_word' id='word_1_313' title='bbox 557 4288 692 4366; x_wconf 87' lang='lat' dir='ltr'>dominus</span> <span class='ocrx_word' id='word_1_314' title='bbox 705 4304 866 4386; x_wconf 89' lang='lat' dir='ltr'>episcopus</span> <span class='ocrx_word' id='word_1_315' title='bbox 879 4305 1043 4369; x_wconf 88' lang='lat' dir='ltr'>secundum</span> <span class='ocrx_word' id='word_1_316' title='bbox 1056 4327 1141 4368; x_wconf 87' lang='lat' dir='ltr'>suurn</span> <span class='ocrx_word' id='word_1_317' title='bbox 1153 4306 1296 4371; x_wconf 89' lang='lat' dir='ltr'>honorem</span> 
     </span>
     <span class='ocr_line' id='line_1_36' title="bbox 99 4410 1294 4494; baseline 0.003 -19"><span class='ocrx_word' id='word_1_318' title='bbox 99 4410 264 4493; x_wconf 88' lang='lat' dir='ltr'>assumpsit</span> <span class='ocrx_word' id='word_1_319' title='bbox 281 4430 315 4473; x_wconf 93' lang='lat' dir='ltr'>se</span> <span class='ocrx_word' id='word_1_320' title='bbox 332 4410 511 4473; x_wconf 85' lang='lat' dir='ltr'>uestiturum</span> <span class='ocrx_word' id='word_1_321' title='bbox 528 4410 705 4490; x_wconf 87' lang='lat' dir='ltr'>magistrum</span> <span class='ocrx_word' id='word_1_322' title='bbox 722 4411 890 4474; x_wconf 80' lang='lat' dir='ltr'>iohannem</span> <span class='ocrx_word' id='word_1_323' title='bbox 907 4412 1122 4494; x_wconf 89' lang='lat' dir='ltr'>supradictum.</span> <span class='ocrx_word' id='word_1_324' title='bbox 1138 4414 1244 4477; x_wconf 87' lang='lat' dir='ltr'>Datum</span> <span class='ocrx_word' id='word_1_325' title='bbox 1263 4417 1294 4478; x_wconf 93' lang='lat' dir='ltr'>in</span> 
     </span>
     <span class='ocr_line' id='line_1_37' title="bbox 97 4517 1256 4606; baseline 0.003 -24"><span class='ocrx_word' id='word_1_326' title='bbox 97 4518 178 4582; x_wconf 87' lang='lat' dir='ltr'>festo</span> <span class='ocrx_word' id='word_1_327' title='bbox 195 4518 324 4582; x_wconf 88' lang='lat' dir='ltr'>omnium</span> <span class='ocrx_word' id='word_1_328' title='bbox 341 4523 510 4582; x_wconf 88' lang='lat' dir='ltr'>sanctorum</span> <span class='ocrx_word' id='word_1_329' title='bbox 527 4537 603 4582; x_wconf 90' lang='lat' dir='ltr'>anno</span> <span class='ocrx_word' id='word_1_330' title='bbox 622 4517 734 4581; x_wconf 82' lang='lat' dir='ltr'>donnini</span> <span class='ocrx_word' id='word_1_331' title='bbox 752 4517 883 4583; x_wconf 82' lang='lat' dir='ltr'><strong>M⁰.CC⁰.</strong></span> <span class='ocrx_word' id='word_1_332' title='bbox 901 4521 1099 4604; x_wconf 88' lang='lat' dir='ltr'>octogesimo,</span> <span class='ocrx_word' id='word_1_333' title='bbox 1117 4522 1256 4606; x_wconf 89' lang='lat' dir='ltr'>septimo.</span> 
     </span>
    </p>
   </div>
   <div class='ocr_carea' id='block_1_3' title="bbox 0 0 1580 5092">
    <p class='ocr_par' dir='ltr' id='par_1_3' title="bbox 0 0 1580 5092">
     <span class='ocr_line' id='line_1_38' title="bbox 0 0 1580 5092; baseline 0 3"><span class='ocrx_word' id='word_1_334' title='bbox 0 0 1580 5092; x_wconf 95' lang='lat' dir='ltr'> </span> 
     </span>
    </p>
   </div>
  </div>
 </body>
</html>
