3150 5092
1252 310 1302 382 27

99 482 160 544 sed
179 483 217 546 ad
234 484 545 569 archipresbyterum,
561 505 648 568 quom
665 505 721 568 per
737 505 805 548 ren.
823 487 948 547 fratrem
964 488 1097 548 nostrum
1113 519 1158 531 —
1179 481 1301 562 Strigo·

98 589 244 654 niensem
260 592 539 675 archiepiscopum,
556 598 617 655 tum
635 595 810 677 episcopum
826 593 1021 673 Agriensem,
1052 590 1160 674 prefici
1175 589 1303 652 fecimus

97 697 162 780 ipsi
179 703 279 768 terre,
302 699 413 763 babeat
436 700 535 763 clerus
561 700 696 764 eiusdem
713 700 903 784 populusque
924 718 1066 762 reuersus
1087 717 1143 781 pro
1165 696 1301 781 questio-

97 805 191 868 nibus
217 807 444 890 emergentibus
468 809 548 871 inter
570 827 635 880 eos,
658 807 783 891 aliisque
811 806 964 876 articulis,
988 808 1039 890 qui
1061 803 1301 869 ecclesiasticam

100 915 316 978 auctoritatem
340 915 617 980 iurisdictionomre
644 917 804 1000 requirunt
828 919 858 977 et
873 917 1000 997 possunt
1016 933 1072 995 per
1088 910 1189 983 alium,
1212 930 1302 994 quam

99 1021 294 1104 episcopum,
320 1023 464 1105 expediri.
489 1022 532 1084 aa
559 1043 643 1095 vero,
670 1043 730 1106 que
746 1022 921 1086 desiderant
941 1019 1121 1104 pontificalis
1142 1017 1300 1098 dignitatis

100 1128 245 1201 officium,
261 1135 294 1192 ut
310 1136 393 1212 puto,
416 1132 537 1205 crisma,
561 1132 659 1194 oleum
676 1136 820 1202 sanctum,
849 1129 1055 1193 ordinationes
1071 1127 1252 1192 clericorum
1269 1130 1301 1188 et

100 1237 312 1306 dedicationes
334 1238 541 1310 ecclesiarum,
565 1260 618 1304 seu
645 1238 793 1310 altarium,
818 1259 835 1299 a
857 1255 1036 1320 quocunque
1052 1234 1217 1298 malueritis
1234 1232 1300 1317 epi-

100 1363 210 1427 scopo,
229 1346 397 1426 apostolice
413 1345 495 1409 sedis
512 1348 747 1410 communionem
765 1349 796 1408 et
811 1347 940 1426 gratiam
959 1343 1029 1407 obti·
1043 1348 1122 1414 ente,
1144 1361 1301 1425 quousque

96 1451 201 1534 ipsius
224 1456 308 1515 terre
329 1453 473 1538 populus,
503 1453 603 1518 divina
624 1455 743 1518 favente
766 1453 875 1535 gratia,
905 1453 950 1515 sic
970 1451 1062 1515 fuerit
1078 1453 1299 1530 augmentatus,

99 1563 133 1622 ut
161 1559 286 1641 dignum
310 1561 359 1633 sit,
381 1564 536 1644 proprium
559 1563 588 1624 ei
611 1562 784 1645 episcopum
806 1559 968 1644 provideri.
999 1558 1032 1620 ln
1062 1557 1298 1639 recognitionem

98 1671 201 1730 autem
224 1667 347 1731 dominii
370 1675 400 1731 et
423 1673 569 1750 percepto
594 1690 609 1731 a
632 1669 707 1732 sede
724 1669 889 1752 apostolica
916 1667 1067 1730 libertatis
1082 1665 1157 1728 duas
1180 1683 1298 1727 marcas

99 1776 178 1846 auri,
212 1794 285 1858 quas
309 1774 461 1840 voluntate
484 1781 649 1858 spontanea
674 1775 837 1847 obtulistis,
864 1775 949 1838 nobis
972 1794 1068 1851 unam,
1092 1782 1125 1836 et
1154 1771 1299 1837 fratribus

94 1881 187 1945 aliam
202 1882 233 1944 in
250 1884 328 1946 festo
344 1885 577 1949 resurrectionis
594 1884 747 1947 dominice
761 1886 846 1947 annis
862 1883 990 1964 singulis
1006 1881 1198 1964 persolvetis.
1210 1880 1295 1944 Nulli
1412 1971 1417 1976 ,

96 2007 175 2071 ergo
269 1991 335 2053 Dat.
353 1991 494 2056 Laterani
509 1993 533 2055 Il
550 1991 607 2056 lral.
623 1991 704 2062 Maii,
721 1993 829 2074 pontif
845 1992 940 2055 nostri
957 2011 1032 2056 anno
1050 1990 1124 2055 Vlll.

641 2177 764 2258 xxvlr.

605 2315 685 2368 tart.
705 2315 791 2368 Rom.

186 2421 616 2507 Honorius-archiepiscopis
626 2429 656 2486 et
669 2422 1045 2506 episcopisperUngariam
1055 2419 1227 2484 constitutis
1236 2424 1297 2482 etc.

99 2525 289 2591 Dilectorum
310 2529 438 2594 tiliorum
457 2531 497 2592 Μ.
520 2536 551 2594 et
577 2533 699 2594 fratrum
723 2532 904 2617 Hospitalis
924 2531 957 2594 S.
975 2530 1080 2594 Morte
1098 2530 1186 2591 Teut.
1203 2528 1297 2591 Jcro·

99 2636 273 2701 oolimfton.
287 2637 392 2701 Decet
407 2639 577 2703 bominibus
601 2643 686 2721 grata
703 2639 813 2721 religio
827 2644 1028 2722 promeretur,
1049 2641 1082 2700 ut
1097 2636 1159 2698 suis
1176 2636 1297 2697 favora-

99 2742 380 2809 bilibusdesideriis
391 2748 597 2812 favorabiliter
609 2768 781 2818 annuamus,
791 2753 937 2830 quatenus
948 2745 1083 2808 eiusdem
1097 2743 1213 2806 ordinis
1221 2762 1298 2806 nora
1312 2761 1316 2768 ·

35 2875 36 2878 ¹
99 2851 1296 2940 plantatioeofeliciusincrementasuscipiatquamlargiusfueritroreaposto-

99 2959 159 3022 lice
175 2961 273 3042 gratia
291 2961 425 3044 irrigata.
443 2964 752 3046 Petieruntsiquidem
766 2964 857 3026 iidem
869 2963 1016 3044 magister
1028 2965 1059 3024 et
1067 2961 1176 3023 fratres
1188 2964 1221 3022 ut
1231 2964 1295 3022 ter-

98 3085 163 3129 ram
173 3066 212 3130 de
226 3070 332 3133 Boreo
345 3074 375 3132 et
384 3070 460 3132 ultra
473 3075 589 3134 montes
602 3072 722 3144 nivium,
738 3091 825 3154 quam
834 3076 960 3154 propter
971 3089 1158 3153 paganorum
1168 3068 1297 3132 insultus

98 3179 213 3238 vastam
230 3195 325 3259 usque
342 3179 378 3240 ad
395 3179 528 3261 proxima
543 3184 681 3263 tempora
699 3185 729 3243 et
747 3180 898 3242 desertam
914 3179 1075 3260 largitione
1092 3178 1242 3242 carissimi
1263 3177 1295 3238 in

99 3281 220 3346 Christo
244 3283 295 3346 filii
318 3285 411 3349 nostri
431 3287 550 3350 Andrce
566 3288 649 3368 regis
677 3288 810 3370 Ungarie
843 3288 969 3351 illustris
993 3286 1095 3370 adepti
1126 3305 1197 3348 esse
1222 3305 1294 3348 nos-

99 3395 207 3454 cuntur
229 3397 259 3455 et
281 3393 398 3458 noviter
420 3393 589 3458 inhabitare
618 3400 793 3479 coeperant,
817 3398 950 3478 ipsorum
972 3415 1156 3478 paganorum
1178 3394 1293 3476 impetu

99 3517 157 3560 non
176 3499 242 3562 sine
258 3499 350 3563 multo
367 3522 566 3584 personarum
592 3523 712 3567 suarum
742 3502 919 3566 discrimine
943 3503 1111 3574 refrenato,
1134 3502 1165 3563 in
1192 3501 1238 3563 ius
1264 3504 1295 3562 et

97 3607 313 3688 proprietatem
330 3609 495 3690 apostolice
512 3609 593 3672 sedis
611 3611 752 3693 recipere
777 3610 980 3692 dignaremur,
1004 3613 1189 3679 asserentes,
1213 3608 1293 3691 quod

97 3711 204 3776 fideles
220 3713 361 3778 libentius
378 3717 550 3780 transibunt
565 3717 594 3780 in
609 3719 672 3781 eius
691 3717 848 3790 coloniam,
858 3718 884 3780 si
901 3738 966 3780 eam
982 3717 1113 3780 viderint
1126 3715 1293 3799 apostolice

98 3820 181 3883 sedis
206 3841 274 3884 esse
290 3818 415 3904 speciali
432 3825 536 3889 ditioni
553 3825 737 3907 subjectam,
761 3828 866 3910 sicque
889 3826 942 3889 tiet
965 3830 996 3888 ut
1015 3830 1113 3896 terra,
1149 3843 1207 3906 que
1234 3823 1293 3885 lata

99 3933 129 3991 et
145 3930 280 4011 spatiosa
297 3930 461 3996 cultoribus
477 3933 596 4015 indiget
611 3933 701 3997 facile
717 3935 879 4016 populetur
894 3939 925 3996 et
940 3940 1081 3996 numerus
1097 3931 1294 3995 habitantium

9 4073 10 4078 κ
99 4036 130 4098 in
153 4034 261 4099 eadem
289 4039 326 4100 ad
353 4041 485 4122 ipsorum
501 4061 685 4125 paganorum
707 4047 856 4106 terrorem
885 4047 915 4104 et
944 4041 1137 4105 securitatem
1161 4039 1294 4103 fidelium

98 4148 185 4227 atque
197 4145 236 4208 ad
250 4147 409 4211 utilitatem
421 4169 481 4212 non
493 4148 642 4213 modicam
653 4155 737 4214 terre
759 4157 864 4213 sancte
880 4149 1013 4212 feliciter
1028 4156 1183 4230 augeatur.
1206 4149 1291 4231 lpso-

9 4241 11 4278 ³
97 4269 161 4314 rum
178 4271 252 4332 ergo
268 4256 406 4335 magistri
423 4260 453 4319 et
468 4257 594 4320 fratrum
616 4259 674 4340 piis
691 4257 835 4342 precibus
859 4258 1021 4339 benignius
1038 4259 1202 4319 annuentes
1216 4276 1291 4339 pre·

9 4415 11 4454 ἶ
95 4357 184 4421 fatam
198 4365 312 4424 terram
335 4364 365 4424 in
381 4365 427 4427 ius
444 4369 475 4426 et
490 4367 708 4448 proprietatem
730 4367 759 4428 b.
785 4366 869 4428 Petri
890 4365 1072 4449 suscipimus
1094 4371 1126 4428 ct
1149 4385 1216 4428 eam
1232 4365 1290 4428 sub

98 4467 221 4550 speciali
246 4489 294 4552 ap.
320 4471 402 4535 sedis
424 4475 617 4558 protectione
644 4495 679 4539 ac
708 4474 888 4539 defensione
914 4477 1071 4559 perpetuis
1102 4473 1289 4560 temporibus
