3150 5092
1213 352 1288 424 115

88 544 225 608 unquam
253 529 392 610 tempore
415 528 591 610 prouenire,
615 527 735 592 scilicet
762 531 787 593 si
815 531 864 615 qui
887 548 1035 593 successu
1055 532 1223 610 temporum
1245 526 1292 589 sui

85 633 138 694 uel
159 632 253 697 alieni
275 636 487 697 contrauenire
506 639 699 710 attentarent,
716 638 779 701 suis
797 637 965 721 sumptibus
982 635 1143 700 defensare
1165 641 1196 699 et
1213 634 1291 697 tueri

85 743 286 812 tenerentur,
326 741 414 804 huius
440 747 539 806 autem
571 747 654 807 terre
682 751 763 810 mete
787 749 877 827 prout
896 744 978 807 idem
1008 741 1049 804 M.
1085 763 1187 806 comes
1216 741 1290 804 dixit

87 847 137 909 sic
163 848 349 929 procedunt,
378 849 417 912 de
438 851 629 932 Zamarziget
649 852 788 934 procedit
812 851 850 914 ad
874 855 982 913 metam
1005 848 1099 912 Ocius
1126 858 1157 912 ct
1178 847 1290 912 abhinc

86 953 288 1018 ascendendo
316 956 445 1020 includit
472 978 570 1021 aream
599 958 799 1032 Senoteluch,
833 964 864 1022 et
890 958 1031 1042 procedit
1057 977 1152 1040 usque
1179 960 1291 1018 terram

86 1062 253 1128 Michaelis
271 1063 324 1147 lilij
341 1066 424 1130 lluoz
441 1067 581 1130 Kuchard
599 1072 735 1130 uocatam
752 1076 782 1130 et
795 1071 1003 1131 commutatam
1016 1063 1167 1128 cumnills
1182 1063 1292 1126 Monch

85 1173 120 1232 et
146 1171 178 1232 in
209 1170 317 1236 dnmbo
339 1174 447 1256 potalro
466 1174 628 1238 descendit
650 1175 680 1237 in
703 1174 832 1239 riuulum
847 1171 1222 1259 Kuquellevantedictum.
1253 1169 1293 1231 Vt

86 1282 192 1340 autem
208 1280 297 1343 huius
314 1280 487 1344 donacionis
505 1302 558 1344 seu
583 1281 769 1345 uendicionis
787 1281 885 1344 series
908 1283 939 1344 in
963 1285 1142 1363 perpetuum
1171 1283 1290 1340 maneat

86 1385 286 1459 inconcussa,
293 1393 452 1470 presentes
469 1388 575 1452 literas
588 1390 794 1453 concessimus
807 1389 900 1472 sigilli
917 1388 1012 1452 nostri
1024 1387 1184 1449 munimine
1198 1385 1291 1448 robo-

85 1498 187 1556 ratas.
214 1495 320 1558 Datum
339 1515 414 1559 anno
432 1497 544 1561 domini
561 1495 696 1560 M⁰.CC⁰.
714 1498 942 1580 septuagesimo
959 1500 1076 1558 octauo.

642 1735 749 1806 cxix.
832 1715 836 1724 '

652 1904 734 1959 1278.

185 2029 346 2093 Ladislaus
375 2031 431 2093 Dei
460 2034 563 2110 gracia
591 2030 744 2113 hungarie
768 2036 828 2094 etc.
857 2051 911 2093 rex
1016 2029 1055 2091 ad
1082 2028 1291 2092 vniuersornm

90 2137 238 2200 noticiam
319 2184 326 2200 .
344 2136 448 2200 harum
470 2141 551 2201 serie
578 2139 714 2201 volumus
738 2140 910 2222 pervenire.
947 2135 1034 2218 Quod
1063 2155 1130 2199 curn
1159 2134 1291 2199 ccclesia

90 2243 284 2306 hatbedralis
300 2242 380 2308 beati
397 2244 555 2308 Michaelis
571 2246 747 2329 archangeli
763 2245 989 2314 Transsiluane,
1006 2264 1023 2306 a
1046 2244 1160 2306 sanctis
1179 2262 1293 2325 proge-

91 2350 244 2414 nitoribus
258 2352 369 2415 nostris
391 2352 537 2416 fabricata
555 2358 586 2416 et
608 2351 726 2426 dotata,
743 2374 800 2437 per
823 2352 957 2425 rabiem,
974 2358 1005 2416 et
1026 2351 1168 2415 seviciam
1190 2352 1291 2430 gentis

88 2457 224 2521 Saxonis
236 2458 390 2524 combusta
403 2461 513 2524 fuisset
526 2461 688 2524 enormiter
705 2466 735 2524 et
752 2461 925 2532 destructa,
943 2466 974 2522 et
991 2459 1131 2522 omnibus
1146 2457 1237 2521 rebus
1254 2477 1291 2520 ac

92 2567 280 2628 ornamentis
300 2568 363 2630 suis
379 2566 520 2650 spoliata,
544 2588 601 2631 nec
617 2588 678 2631 non
694 2569 832 2632 canonici
849 2588 935 2652 quam
953 2568 1056 2650 plures
1074 2586 1141 2630 cum
1158 2566 1293 2628 multitu-

92 2673 168 2736 dine
185 2673 393 2754 Hungsrorum
417 2673 453 2736 ad
470 2675 618 2756 gremium
645 2675 742 2758 ipsius
766 2676 898 2738 ecclesie
923 2694 1015 2738 causa
1039 2672 1168 2756 presidii
1186 2673 1293 2736 conlu-

89 2781 226 2863 gientes,
255 2780 469 2844 miserabiliter
493 2783 680 2845 exstitissent
707 2782 894 2845 concremati
919 2782 949 2843 in
973 2780 1090 2850 eadem,
1119 2799 1175 2842 nos
1198 2798 1291 2860 super

91 2889 256 2972 premissis
273 2889 410 2953 omnibus
425 2891 564 2952 commoti
585 2889 756 2952 uisceribus
769 2888 903 2971 pietatis,
920 2893 951 2951 ut
963 2888 1029 2970 ipsa
1043 2887 1173 2950 ecclesia
1186 2884 1295 2948 kathe-

91 2995 189 3059 dralis
206 2997 479 3080 canonicorumque
498 3000 597 3060 status
619 2995 763 3068 eiusdem,
782 3000 885 3061 nostro
903 2998 998 3078 possit
1019 2994 1128 3058 auxilio
1145 2995 1293 3076 reparari,

11 3121 12 3124 ’
90 3111 208 3167 terram
236 3108 367 3168 nostram
394 3105 572 3175 Albensem,
598 3105 676 3168 iuxta
704 3104 801 3188 ipsam
836 3102 996 3166 ecclesiam
1025 3101 1107 3165 beati
1134 3101 1293 3163 Michaelis

93 3212 194 3282 sitam,
219 3231 314 3294 super
337 3232 393 3296 qua
418 3213 556 3294 hospites
581 3213 676 3274 nostri
696 3211 968 3283 commorabantur,
996 3228 1075 3272 nunc
1090 3229 1146 3292 per
1163 3210 1293 3270 furorem

95 3320 266 3383 eorundem
293 3320 443 3383 Saxonum
467 3318 688 3382 habitatoribus
704 3321 825 3401 penitus
853 3317 1034 3388 desolatam,
1065 3336 1131 3380 cum
1156 3315 1294 3377 omnibus

91 3426 292 3498 utilitatibus,
317 3425 514 3510 pertinencijs
531 3431 562 3489 et
584 3425 756 3489 attinenciis
771 3425 836 3488 suis
853 3423 908 3488 sub
925 3424 1054 3505 hijsdem
1071 3425 1161 3486 metis
1182 3429 1213 3484 et
1228 3427 1294 3484 ter·

91 3535 183 3598 minis
212 3533 323 3617 quibus
351 3534 488 3618 predicta
513 3538 594 3596 terra
617 3532 774 3604 Albensis,
808 3553 864 3615 per
891 3539 1010 3595 nostros
1031 3530 1170 3612 hospites
1186 3528 1290 3591 habita

93 3644 197 3706 luerat
214 3646 245 3704 et
256 3661 411 3724 possessa,
507 3641 655 3710 dedimus,
675 3640 861 3712 donauimus,
872 3646 903 3702 et
916 3637 1095 3702 contulimus
1111 3634 1170 3719 ipsi
1187 3631 1289 3697 eccle-

94 3752 141 3813 sie
158 3748 241 3811 beati
257 3749 413 3812 Michaelis
431 3748 608 3829 archangeli
624 3748 824 3810 Transilvane
841 3747 908 3809 iure
920 3750 1077 3828 perpetuo,
1094 3748 1125 3806 et
1140 3744 1294 3804 irreuoca·

94 3857 199 3922 bilitur
223 3854 446 3937 possidendam.
473 3854 511 3917 Vt
536 3856 630 3936 igitur
654 3856 780 3917 donacio
803 3853 993 3923 huiusmodi,
1015 3871 1072 3913 nec
1095 3871 1151 3933 per
1166 3869 1221 3911 nos
1237 3868 1294 3910 uec

96 3985 151 4048 per
178 3963 348 4046 quempiam
377 3979 587 4025 successorum
616 3965 804 4032 nostrorum,
835 3964 932 4022 tractu
955 3959 1100 4041 temporis
1123 3957 1219 4038 possit
1244 3954 1294 4019 uel

94 4072 207 4134 debeat
222 4069 395 4140 retractari,
414 4075 575 4152 presentes
591 4067 650 4153 ipsi
667 4067 799 4132 ecclesie
816 4071 921 4129 nostre
945 4066 1150 4128 concessimus
1174 4063 1293 4126 litteras

95 4178 229 4261 duplicis
246 4176 340 4259 sigilli
356 4177 451 4240 nostri
467 4175 630 4239 munimine
647 4175 814 4239 roboratas.
840 4173 947 4236 Datum
967 4192 1022 4255 per
1041 4191 1145 4234 manus
1167 4191 1297 4232 venera-

95 4286 169 4350 bilis
188 4286 245 4350 riri
261 4286 398 4366 magistri
417 4284 533 4346 Thome
552 4277 692 4347 Albensis
712 4283 846 4346 ecclesie
869 4281 977 4353 electi,
1004 4281 1071 4343 aule
1094 4284 1197 4341 nostre
1213 4278 1297 4340 vice-

95 4392 292 4476 cancellarii,
328 4392 431 4456 dilecti
460 4396 490 4454 et
519 4391 618 4454 tidelis
641 4392 747 4454 nostri.
787 4392 872 4454 Anno
897 4387 934 4452 ab
956 4389 1163 4453 incarnatione
1186 4385 1298 4448 domini

95 4502 232 4567 M⁰.CC⁰.
251 4501 478 4584 septuagesimo
496 4504 612 4564 octauo.

1042 4599 1080 4652 g·
