3150 5092
282 349 334 420 78

280 523 480 606 inspecturis,
509 522 633 586 salutern
663 522 695 586 in
718 523 848 587 omnium
875 525 1039 590 saluatore.
1069 525 1167 590 lusos
1192 523 1367 609 petencium
1394 522 1478 587 desi·

283 629 376 694 deriis
401 630 532 716 prebere
555 648 712 694 assensum
729 631 774 694 ris
791 631 902 696 amoris
918 637 950 696 et
965 633 1063 714 pietas
1082 632 1228 717 requirit,
1250 631 1311 695 lroc
1325 629 1408 693 idem
1422 650 1477 692 ex-

282 737 413 821 postulat
431 738 508 803 ordo
525 737 610 802 iuris.
635 737 711 802 llice
728 742 792 810 est,
811 740 893 822 quod
911 740 1120 804 uniuersorum
1142 739 1256 802 noticie
1269 737 1377 801 harma
1396 739 1478 802 serie

279 842 488 916 declaramus,
516 844 596 929 quod
619 843 802 908 uenerabilis
825 851 913 929 pater
935 849 1065 921 Galles,
1098 848 1157 911 Dei
1182 846 1282 928 grstia
1309 846 1474 930 episeopus

281 953 512 1018 'l'rrnssiluanus
534 952 571 1016 ad
594 957 726 1016 nostram
749 953 925 1019 accedendo
942 958 1127 1038 presentiam
1150 952 1341 1039 priuilegium
1365 952 1477 1017 domini

280 1059 364 1142 regis
388 1060 484 1144 patris
505 1058 600 1124 nostri
620 1058 769 1124 karissimi
791 1061 927 1126 exhibuit
944 1068 1111 1127 emanatnm
1126 1082 1220 1145 super
1240 1059 1385 1124 lilrertste
1404 1079 1478 1143 qua·

280 1167 403 1232 rundam
427 1165 563 1232 villarum
588 1164 721 1232 ecclesie
745 1187 801 1233 sne
824 1173 931 1253 petens
957 1170 1112 1235 lrnmiliter
1134 1175 1168 1234 et
1188 1169 1301 1232 deuote
1322 1171 1357 1232 rt
1378 1167 1474 1250 ipsum

280 1274 472 1358 priuilegium
504 1273 682 1340 confirmare
705 1275 903 1359 dignaremur
924 1283 1094 1343 nostrarum
1116 1276 1287 1361 patrocinio
1309 1275 1475 1339 literarum.

279 1379 371 1447 coins
397 1387 485 1448 tenor
512 1382 578 1446 talis
606 1387 668 1447 est:
702 1381 746 1468 (s.
776 1384 807 1447 6.
833 1382 901 1469 May
929 1383 1048 1469 1246).
1077 1385 1164 1456 Bela,
1192 1383 1252 1447 Dei
1276 1385 1376 1467 gratia
1392 1385 1474 1448 ilun-

281 1490 368 1573 garie
384 1494 443 1555 etc.
461 1489 563 1572 dgitur
577 1489 745 1574 peticiones
761 1491 897 1556 eiusdem
918 1492 1099 1557 venerabilis
1115 1493 1210 1576 patris
1232 1490 1427 1556 attendentes
1445 1497 1478 1554 ct

280 1597 510 1664 considerantes
537 1598 604 1662 fore
630 1598 725 1662 iustas
741 1605 772 1664 et
794 1598 946 1682 legitimas
962 1600 994 1664 in
1017 1601 1074 1664 lrac
1097 1603 1186 1684 parte
1208 1599 1346 1663 duximus
1362 1597 1473 1662 admit-

279 1706 386 1772 tendas
413 1706 510 1790 ipsum
534 1704 727 1788 priuilegium
743 1704 896 1772 karissimi
917 1710 1014 1793 patris
1036 1707 1134 1770 nostri
1156 1706 1350 1790 presencium
1371 1711 1474 1791 patro-

279 1813 358 1880 cinio
375 1811 589 1880 confirmando.
613 1814 652 1879 vt
674 1813 768 1895 igitur
795 1815 853 1880 hec
874 1821 978 1880 nostra
1000 1814 1195 1880 confirmacio
1216 1814 1312 1879 rebor
1339 1814 1474 1878 obtineat

279 1919 429 1987 firmitatis
460 1926 491 1986 et
518 1941 556 1986 ne
578 1941 635 2006 per
652 1921 822 2008 qnempiam
838 1942 987 2006 processo
1003 1928 1173 2006 temporum
1189 1922 1346 2006 possitrel
1362 1921 1474 1986 debeat

278 2027 447 2100 retractari.
462 2033 621 2112 presentes
639 2030 847 2094 concessimus
859 2029 976 2095 litteras
988 2029 1142 2116 dnpplicis
1153 2029 1250 2112 sigilli
1262 2030 1359 2094 nostri
1373 2029 1474 2094 muni·

283 2136 362 2200 mine
385 2134 552 2201 roboratas.
578 2137 684 2202 Datum
701 2155 756 2222 per
771 2156 877 2202 manus
891 2140 1031 2221 magistri
1051 2137 1210 2203 Benedicti
1230 2138 1382 2221 prepositi
1398 2137 1475 2201 Oro·

279 2243 396 2308 diensis
413 2242 481 2308 aule
496 2249 602 2310 nostre
617 2243 873 2328 vicecancellarij,
889 2265 966 2310 anno
982 2244 1104 2309 Domini
1119 2242 1432 2310 erliacensem&

798 2449 951 2522 LXXllll.

832 2568 913 2624 1263.

372 2676 554 2763 Stephanus.
571 2675 627 2740 Dei
643 2678 758 2758 gracia,
773 2676 874 2743 iunior
888 2697 942 2742 rex
957 2677 1113 2759 Hungarie
1128 2676 1187 2740 dur
1204 2676 1432 2747 Transilranus‚
1448 2681 1478 2738 et

281 2786 418 2851 dominus
436 2783 645 2856 Cumanorum,
667 2783 807 2849 omnibns
828 2783 941 2849 Christi
969 2782 1121 2857 fidelibus,
1139 2790 1311 2867 presentem
1335 2784 1477 2867 paginam

279 2873 464 2978 inspecturis
481 2892 605 2956 salutem
627 2893 657 2954 in
680 2911 754 2956 vero
770 2891 905 2957 salutari.
930 2893 1026 2975 Regie
1042 2892 1123 2956 inest
1137 2892 1295 2955 serenitati
1312 2897 1347 2955 ut
1368 2897 1478 2975 quanto

280 3002 348 3087 quis
365 3000 422 3065 sibi
440 2999 558 3064 fidelius
575 2999 743 3074 famulatur,
760 3006 843 3064 tanto
858 2998 1041 3084 propensius
1063 2999 1151 3080 regie
1166 2998 1371 3064 munificentie
1388 3001 1476 3064 donis

282 3111 454 3174 decoretur.
479 3108 555 3172 ilinc
572 3115 620 3172 est
636 3108 716 3193 quod
730 3108 766 3171 ad
784 3108 992 3172 universorum
1008 3108 1143 3170 notitiam
1159 3107 1263 3170 lrarum
1286 3107 1368 3171 serie
1392 3109 1478 3172 rolu-

284 3237 349 3281 mus
365 3216 537 3300 pervenire,
553 3215 632 3300 quod
650 3215 842 3279 attendentes
858 3215 965 3278 merita
988 3219 1019 3278 et
1034 3214 1161 3279 servitia
1190 3213 1296 3279 dilecti
1322 3221 1356 3279 et
1376 3213 1477 3278 tidelis

282 3325 377 3390 nostri
388 3326 463 3391 Jule
476 3321 530 3405 iilij
543 3323 709 3408 Lodirloy,
724 3323 874 3407 quondam
886 3322 971 3394 Beni,
988 3342 1048 3406 que
1063 3321 1144 3385 idem
1161 3342 1177 3385 a
1190 3321 1355 3406 primaevis
1371 3327 1477 3386 nostre
1561 3326 1562 3329 ’

284 3439 316 3499 et
338 3453 392 3498 sue
411 3433 472 3496 rite
494 3430 682 3515 temporibus
710 3429 797 3494 nobis
825 3430 959 3494 exhibuit
986 3428 1117 3495 fideliter
1132 3449 1169 3494 ac
1184 3429 1341 3493 -dubiis
1356 3431 1478 3494 fortune

281 3540 404 3606 casibus
427 3559 503 3623 sepe
531 3544 563 3603 et
585 3539 688 3623 sepius
716 3559 751 3602 se
767 3542 799 3602 et
820 3558 891 3603 suos
922 3558 979 3622 pro
1006 3537 1095 3601 nobis
1115 3538 1308 3620 exponendo,
1336 3537 1477 3602 nolentes

285 3649 383 3733 ipsius
410 3647 502 3712 multa
525 3651 556 3711 et
578 3647 636 3711 alta
660 3647 783 3711 servitia
803 3648 883 3712 omni
906 3644 996 3710 laude
1013 3643 1226 3733 (dignissima)
1252 3644 1478 3728 ingratitudinis

283 3757 403 3821 silentio
420 3757 587 3839 preterire,
610 3755 684 3818 licet
699 3775 754 3838 pro
771 3754 891 3819 modico
907 3760 1084 3838 reputemus
1099 3753 1173 3825 hoc.
1196 3751 1277 3836 quod
1292 3754 1323 3816 in
1339 3753 1477 3835 presenti

281 3867 399 3950 agimus
413 3869 556 3948 respectu
570 3881 683 3934 eorum.
701 3882 759 3946 que
772 3864 875 3928 facere
888 3862 1086 3937 deberemus;
1097 3861 1243 3946 quasdam
1253 3866 1354 3926 terras
1365 3861 1478 3928 udrar·

281 3974 416 4039 nieorum
433 3979 603 4037 nostrorum
619 3971 651 4036 in
669 3968 875 4036 Transilranis
887 3970 1024 4054 partibus
1041 3970 1232 4042 existentes,
1249 3970 1395 4052 legitimis
1412 3972 1477 4036 suis

280 4082 387 4147 incolis
404 4085 562 4146 carentes:
580 4076 692 4164 wiz1)
709 4077 873 4165 lionora2)
891 4078 1026 4143 llassach
1036 4079 1075 4163 ⁸),
1091 4076 1286 4164 Nogrecht).
1299 4082 1331 4142 et
1346 4077 1423 4144 alias
1439 4079 1475 4143 ad

311 4296 337 4357 ¹)
355 4297 406 4342 Win
417 4321 448 4331 -
461 4293 580 4350 woronna,
591 4295 706 4355 salzburg
717 4292 748 4338 im
759 4293 938 4340 unteralbenser
949 4292 1032 4339 comit.

313 4377 338 4437 ²)
355 4379 452 4423 Mnnora
464 4401 494 4412 -
507 4377 634 4431 „uolones
651 4376 836 4422 Donnersmsrkt
851 4374 882 4420 im
899 4375 1076 4420 unteralbenser
1094 4372 1178 4420 comis

311 4456 336 4519 ³)
353 4459 489 4517 llaschsgen
505 4457 535 4502 im
552 4457 705 4503 ltledwischer
722 4457 787 4504 stum
797 4456 840 4516 (l).

310 4537 336 4601 ⁴)
353 4539 631 4599 Nemeen-uersabat,
648 4539 761 4584 Ladamos
777 4538 807 4582 im
824 4537 1003 4583 monueram
1019 4535 1103 4583 comit.
