3150 5092
844 560 938 632 CXX.

855 698 933 750 rcus.

380 804 537 870 Ladislaus
571 806 624 869 oei
660 807 757 888 gratia
791 806 962 890 Hungarie,
998 807 1165 878 Dalmatie,
1205 806 1341 880 Croatie,
1379 808 1486 879 Rome,
1561 790 1562 871 ᾗ

289 912 415 984 Serme,
438 912 584 984 Gallicis,
610 913 809 988 hodomerie,
834 914 995 986 Cumanis,
1021 915 1224 1000 Bulgarieque
1244 937 1306 980 reu.
1339 917 1487 980 Omnibus

288 1019 403 1084 Christi
427 1019 580 1090 fidelibus,
604 1041 731 1105 presens
754 1024 899 1106 scriptum
924 1024 1124 1106 inspecturis,
1147 1025 1275 1090 salutem
1297 1027 1330 1088 in
1354 1026 1485 1090 omnium

291 1127 451 1192 saluatore.
471 1129 515 1192 Ad
532 1129 737 1194 uniuersorum
755 1131 889 1193 notitiam
906 1135 1014 1194 tenore
1033 1130 1137 1194 harum
1156 1131 1290 1196 uolumus
1310 1134 1489 1214 peruenire:

292 1235 371 1320 quod
388 1254 490 1300 comes
515 1237 647 1324 Hepan,
664 1235 742 1300 filius
761 1237 882 1308 Ambus,
900 1243 930 1300 et
954 1239 1104 1326 Gopunas
1120 1239 1236 1310 banus,
1256 1239 1335 1303 filius
1353 1240 1489 1321 ejusdem

292 1344 418 1426 Hegum,
437 1343 543 1408 fideles
557 1346 651 1409 nostri
669 1346 871 1429 personaliter
886 1347 915 1409 in
933 1353 1035 1410 nostra
1053 1349 1208 1411 constituti
1223 1350 1389 1430 presentia,
1406 1347 1489 1413 dixe-
1562 1386 1563 1443 p

292 1460 360 1516 runt
376 1451 462 1516 nobis
481 1453 711 1538 conquerendo:
729 1455 809 1536 quod
826 1455 954 1538 quedam
971 1456 1124 1539 possessio
1148 1455 1330 1519 hereditaria
1352 1459 1487 1539 ipsorum

292 1558 458 1644 Zaward1)
477 1566 592 1630 vocata,
609 1562 640 1623 in
657 1564 917 1626 commetaneitate
930 1564 1155 1646 possessionum
1166 1563 1287 1627 Tasuad
1303 1568 1336 1626 et
1351 1565 1487 1650 senez),

294 1667 365 1730 item
382 1666 515 1751 Giror⁸)
537 1673 568 1731 et
584 1668 711 1733 Theulre
728 1675 916 1740 vocatarum,
933 1671 965 1733 in
981 1670 1123 1735 comitatu
1135 1671 1173 1734 de
1189 1671 1291 1735 Zonuk
1306 1671 1488 1756 exteriorit)
1562 1658 1563 1677 ³

293 1775 457 1846 existente,
476 1781 601 1858 propter
618 1777 745 1840 insultus
762 1782 793 1840 et
809 1776 1033 1840 deuastationes
1050 1777 1245 1841 Tartarorum
1268 1786 1353 1842 esset
1370 1779 1488 1842 habita-

292 1881 409 1948 toribus
433 1882 595 1954 destituta,
624 1891 655 1946 et
680 1884 748 1949 data
766 1908 781 1948 a
800 1887 887 1949 nobis
904 1886 1042 1957 licentia,
1061 1906 1139 1950 nunc
1155 1887 1185 1948 in
1201 1887 1306 1951 eadem
1323 1887 1441 1951 vellent
1454 1909 1488 1950 se
1562 1922 1563 1985 ἐ

294 1989 410 2060 locare,
441 1996 472 2055 et
489 1992 625 2054 fundare.
652 1992 762 2056 Verum
780 1996 848 2078 quia
868 1993 955 2057 nobis
971 1993 1010 2056 de
1027 1995 1158 2057 essentia
1176 2000 1207 2056 et
1227 1992 1374 2077 qualitate
1391 1995 1488 2076 ipsius
1562 1990 1563 2049 i

292 2098 508 2181 possessionis,
526 2103 557 2162 et
569 2104 665 2163 utrum
680 2099 785 2164 eadem
798 2101 952 2183 possessio
965 2102 1057 2164 fuerit
1073 2107 1104 2164 et
1115 2102 1156 2164 sit
1171 2121 1274 2165 eorum
1291 2101 1488 2172 hereditaria,
1562 2130 1563 2199 p

293 2225 348 2268 nec
367 2225 420 2277 ne,
444 2206 559 2269 ueritas
578 2206 663 2270 nobis
680 2227 739 2270 uon
756 2207 922 2277 constabat,
939 2227 1053 2292 nosque
1071 2206 1210 2270 fidelibus
1229 2210 1340 2270 nostris
1356 2209 1489 2292 capitulo
1562 2206 1563 2255 l

293 2312 485 2377 Varadiensis
514 2312 648 2378 ecclesie
675 2334 711 2376 ex
740 2314 904 2396 approbata
928 2320 959 2378 et
985 2314 1125 2378 laudabili
1156 2316 1375 2379 consuetudine
1402 2317 1493 2397 regui

290 2419 397 2491 nostri,
414 2421 592 2484 litteratorie
609 2421 800 2485 dedissemus
816 2424 847 2484 in
864 2422 1021 2494 mandatis,
1039 2426 1070 2486 vt
1085 2424 1183 2505 ipsum
1203 2421 1369 2506 capitulum
1386 2424 1483 2486 homi·
1562 2494 1563 2499 ἵ

291 2545 359 2589 nem
384 2547 468 2590 suum
497 2528 630 2591 mitteret
658 2548 712 2610 pro
740 2529 912 2591 testimonio
934 2527 994 2591 fide
1018 2529 1157 2610 dignum,
1183 2548 1283 2591 coram
1307 2548 1366 2612 quo
1385 2549 1487 2592 comes
1562 2512 1563 2515 Ἴ

290 2633 417 2704 Petrus,
445 2634 524 2698 filius
543 2634 692 2719 Chepani,
723 2635 810 2699 homo
828 2641 951 2706 noster,
969 2634 1078 2699 nobilis
1096 2636 1134 2698 de
1150 2635 1293 2716 Chegcn,
1310 2639 1488 2700 conuocatis

291 2743 497 2806 commetaniis
526 2749 556 2808 et
585 2744 690 2806 vicinis
720 2744 856 2824 ejusdem
882 2745 1088 2828 possessionis
1111 2744 1243 2814 Zaruad,
1266 2744 1351 2825 juxta
1369 2751 1489 2810 veteres
1563 2802 1564 2830 ,

292 2856 388 2914 metas
405 2871 497 2914 nouas
515 2852 664 2933 erigeret,
690 2860 720 2914 et
743 2857 890 2916 statueret
906 2854 1032 2935 prelatis
1054 2852 1162 2935 llegun
1177 2858 1209 2916 et
1234 2851 1379 2932 Gogano,
1403 2859 1490 2936 prout
1563 2834 1564 2887 l

292 2977 395 3022 eorum
413 2979 483 3022 esse
497 2959 750 3033 demonstrantur,
760 2962 787 3024 si
804 2980 862 3023 non
876 2959 964 3023 lieret
979 2960 1209 3030 contradictum,
1223 2964 1370 3042 perpetuo
1388 2962 1490 3043 possi-

292 3067 436 3140 dendam;
454 3066 693 3132 contradictores
710 3088 800 3140 vero,
817 3070 842 3131 si
860 3070 910 3153 qui
923 3069 1035 3132 luerint
1056 3073 1162 3132 contra
1177 3068 1278 3151 ipsos,
1300 3069 1338 3132 ad
1355 3075 1487 3132 nostram

291 3175 419 3239 citarent
450 3177 631 3259 presentiam
659 3176 697 3239 ad
730 3179 888 3240 terminum
921 3180 1152 3259 competentem.
1189 3175 1325 3239 Tandem
1356 3175 1487 3257 predicti

291 3281 399 3347 fideles
417 3285 522 3356 nostri,
540 3285 702 3368 capitulum
718 3285 838 3349 scilicet
853 3284 1061 3348 Waradieusis
1074 3284 1217 3356 ecclesie,
1241 3282 1329 3347 nohis
1351 3285 1488 3367 rescrip·
1563 3268 1564 3275 ἵ

291 3395 398 3454 serunt
412 3391 442 3452 in
459 3391 516 3454 hec
529 3390 638 3455 verba:
655 3391 918 3456 Excellentissimo
935 3393 1055 3457 domino
1069 3413 1125 3456 suo
1141 3391 1297 3461 Ladislao,
1313 3391 1372 3452 Dei
1389 3392 1486 3472 gratia

291 3497 401 3564 illustri
426 3498 494 3580 regi
524 3497 692 3580 limparis,
717 3499 879 3582 capitulum
898 3499 1090 3563 Varadiensis
1114 3498 1264 3570 ecclesie,
1287 3497 1442 3562 orationes
1456 3498 1487 3560 in

291 3604 410 3669 domino
432 3605 497 3687 pias
521 3610 552 3668 et
579 3605 717 3668 denotas.
741 3606 885 3690 Receptis
910 3607 1021 3670 litteris
1044 3606 1217 3670 serenitatis
1242 3609 1346 3668 vestre
1376 3605 1487 3668 homini
1563 3648 1564 3673 ,

291 3716 408 3780 vestro,
439 3712 528 3776 Petro
554 3711 616 3776 filio
640 3713 775 3796 Chepani
794 3715 949 3796 predicto,
978 3715 1142 3778 discretum
1167 3714 1281 3785 virum,
1309 3715 1484 3794 magistrum

291 3821 438 3885 ioannem
451 3821 566 3884 socium
585 3824 614 3882 et
631 3821 866 3884 concanonicum
885 3825 1018 3884 nostrum
1035 3840 1093 3904 pru
1106 3820 1276 3884 testimonio
1299 3820 1486 3901 adjunximus
1563 3872 1564 3892 ,

292 3928 360 3991 uice
376 3926 481 3999 nostri,
495 3926 533 3989 ad
550 3928 700 4010 premissa
717 3929 855 3991 mandata
872 3934 971 3992 vestra
988 3929 1171 4014 exequenda.
1193 3927 1249 4007 Qui
1263 3927 1386 4013 quidem
1401 3929 1486 3991 lromo
1563 3982 1564 4017 Ξ

327 4212 351 4273 ¹)
369 4215 470 4262 Suumud
486 4213 516 4260 im
533 4214 737 4259 mittelszolnoker
755 4214 838 4260 Gemit.

325 4293 351 4355 ²)
368 4297 450 4355 Kegye
466 4297 496 4341 lm
514 4296 663 4342 Sauthmurer
680 4294 763 4340 Comit.

331 4375 356 4434 θ)
374 4378 443 4424 (iirot
458 4378 488 4424 im
504 4377 707 4423 mittelsaolnoker
723 4375 808 4421 Gemit.

325 4461 352 4522 ⁴)
369 4465 416 4508 Der
444 4460 572 4517 ehemalige
598 4456 801 4503 mittelsuolnoker
830 4454 930 4501 comitet
951 4455 981 4499 im
1014 4455 1084 4500 Jslrre
1117 4455 1178 4501 12⁷9
1205 4457 1268 4502 luisse
1298 4455 1343 4500 der
1366 4458 1486 4500 iussere

369 4543 495 4589 saolnoker
512 4538 594 4585 Comit.
