3150 5092
293 339 367 412 112

288 532 394 596 regern
412 517 546 576 nostrum
564 510 749 596 Stephanum
766 512 856 577 beate
872 512 1015 577 memorie
1034 512 1097 593 jam
1118 512 1282 586 fundatam,
1305 515 1338 577 et
1360 510 1478 575 edifica·

288 627 364 694 tam,
388 640 504 705 perque
527 620 697 702 subsequos
721 619 824 692 diuos,
849 625 1031 705 sanctosque
1047 640 1140 702 reges
1160 621 1300 691 ditatam,
1317 620 1409 692 hinc,
1423 639 1478 704 quo

288 729 394 793 eadem
411 727 560 798 ecclesia,
577 733 679 790 nostra
694 747 814 812 quoque
829 727 942 810 pietate
959 727 1109 791 mediante
1125 733 1318 808 augmentum
1336 732 1368 791 et
1384 727 1479 788 incre-

288 840 419 900 mentum
435 855 548 918 capere
564 835 671 919 possit,
688 834 887 917 quadraginta
903 835 1033 919 quinque
1049 834 1117 899 illas
1139 834 1276 898 marchas
1293 835 1348 898 fini
1364 835 1479 914 argenti

282 945 418 1027 justique
434 942 587 1027 ponderis,
604 962 677 1025 quas
694 942 838 1006 Nicotaus
856 940 935 1005 filius
957 943 1160 1007 bartholomei
1184 943 1222 1006 de
1237 943 1346 1025 Fahyd
1362 963 1380 1003 a
1399 941 1479 1004 nohis

286 1051 346 1117 fine
362 1050 640 1116 revindicandarum
657 1054 807 1113 certarum
824 1052 1050 1133 possessionum
1066 1069 1197 1122 suarum,
1220 1050 1252 1110 in
1273 1051 1350 1132 ipsis
1367 1051 1480 1113 octaris

286 1159 368 1225 beati
394 1157 554 1222 Michaelis
577 1157 754 1239 archangeli
780 1157 944 1230 levaverat,
967 1159 1065 1222 eidem
1082 1157 1215 1222 ecclesie
1230 1157 1262 1220 in
1286 1158 1481 1238 refrigerium

285 1269 383 1334 anime
399 1271 502 1330 nosue
515 1264 749 1330 condonavimus
765 1267 797 1328 in
812 1271 1001 1351 perpetuum,
1014 1267 1120 1328 harum
1133 1270 1304 1329 nostrarum
1314 1266 1437 1346 uigore,
1454 1270 1482 1326 et

286 1375 456 1440 testimonio
467 1375 621 1438 literarum
638 1374 801 1438 mediante.
827 1375 933 1438 Datum
950 1376 981 1439 iu
996 1377 1101 1436 sancto
1117 1373 1268 1445 limerico,
1286 1374 1367 1436 feria
1381 1379 1483 1457 quarta

286 1485 419 1568 proxima
443 1486 514 1566 post
537 1486 660 1544 octavas
685 1480 759 1544 dicti
782 1482 852 1544 festi
882 1482 964 1546 beati
985 1481 1143 1546 Michaelis
1175 1480 1364 1564 anchangeli.
1401 1483 1482 1544 duno

285 1593 397 1657 domini
413 1590 573 1654 millesimo
591 1589 800 1654 ducentesimo
816 1591 1041 1673 septuagesimo
1058 1591 1200 1672 septimo.

829 1773 937 1844 cxvi.

764 1910 844 1968 rara,
863 1909 909 1962 aa.
928 1910 1006 1962 neor.

377 2022 546 2091 hadislaus,
558 2020 614 2083 Dei
632 2020 731 2100 gratia
744 2019 908 2102 Hungarie,
924 2020 1083 2088 Dalmatie,
1100 2017 1231 2088 Croatie,
1246 2019 1351 2092 Rome,
1365 2019 1485 2089 Seruio,

286 2130 432 2202 Gallicie,
460 2129 659 2204 hodnmerie,
688 2126 847 2200 Cumauie,
875 2127 1080 2213 Bulgarieque
1106 2146 1170 2190 rex.
1200 2125 1347 2190 Omnibus
1372 2125 1487 2190 Christi

286 2237 437 2307 fidelibus,
455 2257 582 2318 presens
599 2235 745 2317 scriptum
761 2236 954 2318 inspecturis,
972 2237 1097 2300 salutem
1114 2235 1145 2296 in
1162 2236 1293 2297 omnium
1316 2234 1485 2298 saluatore.

283 2344 380 2426 liegie
406 2342 602 2426 benignitatis
624 2341 802 2414 sublimitas,
824 2347 910 2406 recte
928 2348 1038 2425 pensat
1053 2340 1235 2404 liberalitate
1258 2342 1361 2405 anime
1379 2343 1486 2405 merita

285 2450 490 2530 singulorum,
518 2456 549 2514 et
577 2451 703 2514 maxime
727 2449 863 2520 illorum,
892 2470 970 2532 quos
991 2449 1070 2512 sicut
1085 2451 1229 2531 generosi
1251 2450 1413 2530 sanguinis
1430 2449 1488 2512 alta

285 2557 437 2630 nobilitas,
455 2563 485 2621 et
502 2576 614 2620 morum
632 2558 731 2620 innata
749 2557 895 2641 probitas,
907 2557 953 2619 sic
969 2556 1135 2640 approbate
1147 2555 1301 2620 fidelitatis
1314 2557 1485 2621 constantia

285 2673 316 2732 et
344 2672 534 2730 strenuorum
562 2671 680 2729 actuum
710 2665 897 2748 experientia
920 2665 1015 2729 edicit
1030 2664 1204 2745 digniores,
1231 2664 1301 2727 dum
1319 2685 1375 2728 eos
1391 2665 1487 2746 digne

284 2771 489 2838 retributionis
519 2771 669 2836 beneficio
691 2771 849 2842 refocilat,
874 2771 944 2834 dum
966 2772 1012 2834 eis
1036 2771 1181 2851 largitur,
1203 2771 1283 2856 quod
1306 2775 1486 2836 meritorum

285 2884 443 2948 multorum
459 2901 594 2958 merces,
617 2882 654 2945 ad
679 2881 833 2944 fidelitatis
858 2882 963 2944 tlorem
992 2882 1120 2952 excitat,
1141 2880 1225 2943 etad
1242 2881 1320 2943 hona
1343 2878 1487 2944 merendi

283 2991 382 3056 studia
411 2988 542 3052 fideliter
569 2988 807 3072 obsequentibus
835 2987 945 3070 prebet
965 2987 1143 3072 exemplum,
1166 2994 1198 3050 et
1214 2992 1334 3071 prestat
1349 3007 1486 3072 operosa

284 3098 393 3162 fiducia
411 3096 563 3161 succendi.
588 3097 650 3160 llac
666 3097 758 3178 igitur
774 3095 1020 3159 consideratione
1035 3094 1160 3168 inducti,
1177 3099 1356 3159 cunctorum
1374 3098 1487 3160 notitie

284 3205 481 3275 declaramus,
498 3203 578 3286 quod
594 3222 661 3266 cum
678 3221 731 3285 pro
749 3201 920 3265 infidelibus
936 3201 1115 3266 excessibus
1128 3201 1259 3275 Andros,
1273 3202 1328 3265 filii
1342 3203 1432 3276 laho,
1447 3203 1487 3266 de

284 3333 400 3396 genere
416 3312 580 3398 Kaplpon,
608 3311 659 3393 qui
682 3311 712 3372 in
730 3329 825 3390 regno
842 3315 946 3373 nostro
968 3309 1007 3373 ad
1024 3310 1211 3390 majestatem
1232 3315 1338 3374 nostre
1362 3312 1487 3374 sereni-

282 3417 351 3485 tatis
369 3419 552 3484 ferocialiter
567 3418 721 3488 irruendo,
737 3423 807 3502 post
824 3423 927 3482 nosue
943 3419 1147 3482 coronationis
1161 3424 1291 3502 tempus,
1309 3441 1378 3484 cum
1394 3440 1488 3484 coro-

284 3537 371 3592 natus
387 3548 441 3590 rex
457 3527 630 3596 fuissemus,
645 3545 713 3589 cum
730 3526 874 3590 cambuca
891 3528 1080 3609 percutiens,
1103 3546 1165 3610 que
1179 3528 1313 3592 inaudita
1330 3535 1363 3591 et
1376 3528 1487 3592 incon-

283 3638 433 3700 venientia
449 3637 535 3698 fuere
552 3634 699 3705 omnihus,
723 3635 892 3719 puduerunt
914 3653 1075 3718 personam
1099 3636 1214 3718 regiam
1243 3636 1428 3718 turpissimis
1453 3643 1487 3698 et

283 3745 454 3810 enormibus
475 3741 653 3806 verberibus
677 3743 817 3827 peniteri.
843 3743 959 3806 ldcirco
986 3764 1058 3815 nos,
1083 3745 1171 3825 regni
1194 3745 1289 3806 nostri
1320 3743 1429 3826 prelati
1454 3749 1487 3807 et
1565 3754 1566 3823 ζ

285 3853 480 3920 sacerdotes,
509 3870 620 3914 corone
647 3849 804 3922 fidelihus,
833 3849 1000 3921 nobilibus,
1030 3854 1060 3913 et
1088 3849 1251 3913 baronibus
1274 3851 1488 3935 proponendo,
1564 3827 1566 3852 ἦ

283 3959 375 4024 iidem
393 3959 550 4022 voluerunt
564 3956 617 4020 tali
633 3956 731 4019 modo.
754 3957 842 4038 Quod
858 3962 984 4040 propter
1005 3959 1165 4020 maximum
1182 3962 1213 4022 et
1231 3956 1354 4021 infidele
1371 3959 1488 4023 factum

283 4066 439 4152 predictus
456 4065 592 4127 Andreas
615 4064 646 4126 in
670 4063 800 4146 collegio
826 4069 857 4127 et
878 4068 1001 4127 numero
1026 4063 1190 4128 infidelium
1207 4065 1248 4128 sit
1263 4064 1438 4147 deputatus,
1455 4067 1488 4129 in

281 4175 486 4259 proscriptum
503 4171 708 4235 decreuerunt
715 4193 725 4244 ;
742 4176 774 4234 et
790 4171 859 4254 quia
876 4170 1015 4235 infideles
1031 4173 1173 4256 personis
1190 4181 1221 4236 et
1236 4175 1488 4256 possessionibus
1564 4254 1565 4257 Ἴ

282 4283 320 4345 de
333 4280 403 4362 jure
418 4281 591 4364 minentur,
615 4281 645 4341 et
661 4298 739 4360 pena
754 4277 948 4341 abonimahili
964 4282 1143 4361 puniantur:
1171 4281 1338 4351 voluimus,
1364 4286 1398 4346 vt
1413 4283 1489 4366 quia
1564 4264 1565 4339 l

280 4387 424 4453 Nicolaus
441 4385 576 4467 wajroda
597 4386 815 4449 Transiluauus
837 4391 869 4449 et
890 4406 993 4450 comes
1018 4387 1056 4451 de
1085 4387 1219 4460 Zolnolr,
1242 4388 1325 4452 lilius
1348 4389 1493 4470 magistri

281 4494 429 4565 ltlauritii,
463 4491 560 4556 fidelis
584 4496 688 4554 noster
720 4496 751 4553 et
781 4491 930 4564 dilectus,
963 4496 1013 4578 qui
1046 4515 1062 4557 a
1090 4498 1235 4578 primevis
1266 4496 1401 4579 pueritie
1430 4519 1491 4563 sue
