3150 5092
311 373 383 446 182

305 548 452 636 usquead
469 554 577 612 etatem
596 548 762 629 juventutis
786 551 815 613 in
833 553 923 617 domo
940 565 993 615 sua
1005 560 1037 615 ut
1052 559 1139 637 pater
1154 552 1245 617 lilium
1262 554 1438 625 nutriverat,
1457 552 1493 614 et

304 659 423 723 tandem
441 662 565 740 accepta
582 661 672 723 totius
689 658 775 740 regni
798 660 949 743 peticione
972 662 1109 744 ejusdem
1125 662 1235 726 domini
1254 662 1364 734 nostri,
1381 673 1491 741 regern

305 774 444 855 tanquam
459 766 629 853 preciosum
646 780 740 850 reguo
764 767 948 843 thesaurum,
964 767 1020 833 sub
1032 769 1114 834 fideli
1126 771 1263 836 custodia
1276 775 1492 834 conservatum

304 878 334 941 in
357 876 486 941 medium
507 876 604 940 nostri
621 874 798 940 adducendo
819 877 993 943 educaverit
1017 879 1200 943 innumeram
1223 878 1351 962 pecunie
1370 876 1493 963 quanti-

304 991 394 1051 tatem
410 1005 465 1070 pro
478 1002 515 1049 eo
532 982 737 1067 expendendo.
764 988 796 1048 et
817 984 915 1050 multis
937 987 1056 1051 fortune
1083 988 1202 1053 casibus
1225 996 1386 1072 personam
1404 1004 1492 1051 suam

304 1092 504 1161 submittendo
520 1094 682 1176 propriam,
699 1094 948 1159 convenientibus
964 1094 1051 1159 nobis
1065 1096 1096 1158 in
1116 1116 1204 1160 unum
1226 1095 1306 1178 apud
1322 1096 1437 1159 lindam
1455 1095 1491 1158 in

304 1202 544 1287 congregacione
560 1202 647 1285 regni
663 1202 799 1283 generali
818 1201 919 1266 habita
941 1202 1164 1269 deliberacione
1180 1205 1301 1288 provida
1322 1210 1354 1267 et
1369 1209 1487 1267 motura

308 1314 397 1377 etiam
414 1311 491 1397 quod
512 1315 592 1373 tanta
608 1305 767 1382 beneficia,
789 1308 819 1373 in
836 1312 1070 1377 conservacione
1096 1313 1229 1395 ejusdem
1257 1312 1371 1377 domiui
1394 1312 1493 1376 nostri

307 1420 442 1485 exhibuit
458 1424 489 1484 et
503 1418 632 1483 intendit
644 1419 698 1481 toti
714 1429 811 1501 regno
827 1418 858 1482 in
872 1431 910 1483 eu
926 1421 1021 1484 eciam
1036 1422 1114 1505 qrrod
1128 1438 1185 1504 per
1198 1423 1295 1507 ipsius
1310 1421 1493 1485 toambuam

306 1528 535 1594 sollicitudinem
566 1526 743 1592 laudabilem
768 1526 838 1592 huic
865 1548 959 1611 regno
982 1548 999 1591 a
1025 1528 1125 1594 multis
1146 1530 1332 1614 temporibus
1360 1528 1493 1593 dirersis

309 1636 534 1704 turbationibus
556 1639 587 1700 et
609 1634 795 1700 mirabilibus
817 1636 1045 1702 adversitatibus
1067 1637 1231 1711 fluctuanti,
1252 1643 1283 1701 et
1304 1638 1443 1719 lerejam
1458 1639 1492 1700 in

307 1744 443 1810 omnibus
458 1745 520 1809 suis
538 1744 683 1828 partibus,
699 1764 793 1829 usque
809 1746 845 1809 ad
862 1750 1021 1810 extremam
1044 1747 1277 1811 exinanicionem
1300 1746 1433 1810 deducto
1451 1744 1489 1809 ad

308 1855 553 1921 reformacionem
572 1858 603 1918 et
618 1856 726 1916 statum
741 1852 931 1939 tranquillum
950 1852 1071 1919 salubre
1083 1854 1246 1920 remedium
1263 1859 1309 1919 est
1324 1856 1492 1939 provisum,

306 1965 428 2047 dignum
443 1963 498 2027 luit
513 1966 546 2025 ut
562 1962 828 2038 remuneracionis,
851 1983 906 2027 seu
923 1965 1207 2047 reconpensacionis
1235 1962 1433 2036 commodum,
1456 1983 1494 2027 ex

308 2077 393 2159 parto
410 2070 505 2153 regni,
522 2071 547 2133 si
564 2088 622 2135 non
638 2072 667 2133 iu
684 2074 789 2143 tolum,
805 2076 903 2135 tamen
919 2072 950 2135 in
962 2077 1047 2155 parte
1063 2074 1191 2137 sentiret
1208 2074 1337 2137 fructum
1354 2073 1449 2136 eciam
1462 2074 1494 2135 in

308 2187 448 2266 posteros
479 2176 709 2243 diffundendum.
745 2177 861 2244 Placuit
882 2180 982 2265 itaqua
1014 2181 1160 2246 universis
1183 2187 1214 2245 et
1241 2179 1370 2261 singulis
1394 2182 1495 2265 ipsum

311 2291 459 2356 dominum
479 2284 662 2353 Albertinum
686 2294 717 2351 et
732 2307 787 2371 per
804 2309 869 2352 eum
887 2308 991 2352 omnes
1008 2289 1045 2352 ab
1062 2309 1097 2353 eo
1116 2289 1336 2354 descendentes
1353 2295 1496 2376 tanquam

310 2401 405 2466 virum
422 2392 458 2462 ab
479 2397 598 2481 antiquo
614 2409 792 2479 generosum
809 2403 912 2461 nostra
935 2397 1135 2463 universitatis
1153 2398 1231 2463 cetui
1255 2418 1440 2481 aggregare,
1464 2402 1496 2462 et

311 2511 495 2591 aggregatos
511 2519 547 2569 ec
565 2504 699 2586 gaudere
715 2502 878 2569 nobilitatis
901 2505 1071 2591 privilegio,
1094 2525 1151 2589 quo
1169 2508 1299 2572 universi
1314 2508 1446 2572 barones
1464 2510 1496 2570 et

310 2614 425 2685 nobiles
440 2614 528 2697 regni
543 2613 675 2696 Ongarie
691 2620 910 2681 consveverunt
925 2614 961 2679 ab
980 2618 1100 2700 antiquo
1117 2617 1270 2699 gratulari.
1294 2616 1327 2679 ln
1345 2615 1433 2697 cujus
1449 2614 1495 2677 rei

311 2724 512 2792 testimonium
536 2727 695 2808 presentes
718 2722 817 2787 eidem
843 2724 1049 2788 concessimus
1065 2724 1168 2789 literas
1189 2724 1357 2808 sigillorum
1373 2728 1497 2787 nostro·

310 2855 374 2900 rum
404 2832 621 2897 autenticorum
648 2832 808 2895 munimine
830 2830 999 2896 roboratas.
1034 2831 1140 2897 Datum
1166 2828 1253 2898 ilude
1279 2852 1357 2897 anno
1381 2831 1499 2897 domini

313 2934 470 3008 uuolton
487 2947 592 3027 quarto
604 2940 662 3005 lral.
675 2939 811 3023 Augusti.

803 3126 1006 3198 CLXXXVII.

861 3262 943 3319 rasa.

400 3369 565 3459 Capibrlum
582 3373 712 3439 ecclesie
728 3373 809 3439 beati
825 3374 990 3460 Mycbaelis
1007 3375 1181 3457 archangeli
1191 3372 1413 3439 'l'ranssiluano
1429 3375 1496 3439 rni-

312 3484 411 3549 uersis
426 3482 537 3547 Christi
553 3481 691 3547 fidelibus
708 3486 767 3545 tam
783 3482 974 3567 presentibus
990 3502 1076 3567 quam
1093 3481 1498 3569 baturispresans‘scriptum

312 3592 496 3676 inspecturis
512 3591 637 3654 salutem
654 3590 683 3652 in
704 3590 832 3652 omnium
849 3588 1009 3653 saluatore.
1029 3589 1240 3655 Vniuersorum
1263 3591 1375 3653 noticie
1389 3591 1497 3654 barum

313 3703 393 3765 serie
407 3699 604 3770 declaramus,
614 3698 691 3782 quod
703 3697 810 3762 Paulus
826 3707 857 3762 et
872 3700 977 3763 Petrus
1000 3697 1054 3761 tilii
1070 3698 1168 3763 Gerus
1185 3698 1300 3763 nobiles
1317 3698 1357 3762 de
1376 3698 1495 3764 Gerus·

313 3812 414 3877 teleto
432 3812 539 3873 vocate
555 3826 609 3892 pro
633 3826 667 3872 se
688 3808 762 3891 ipsis
784 3812 815 3871 et
835 3828 890 3892 pro
911 3808 1027 3872 domina
1044 3808 1128 3872 bleba
1146 3822 1252 3873 sorore
1273 3819 1404 3883 sumum,
1429 3824 1495 3873 eum

311 3920 393 3983 veris
412 3925 443 3983 et
457 3915 565 3981 litteris
583 3914 725 3999 legitimis
753 3917 1036 3999 procuratorialibus
1057 3918 1256 4000 personaliter
1279 3935 1379 3981 coram
1408 3917 1494 3981 nobis

313 4030 433 4092 luerunt
459 4025 638 4096 constitute,
667 4024 820 4089 cuiusdam
844 4030 956 4088 terram
983 4026 1115 4109 ipsorum
1140 4024 1354 4089 bereditarium
1379 4026 1495 4092 Gerus·

312 4136 412 4202 telate
423 4142 557 4200 uocatam
573 4134 603 4197 in
616 4135 758 4197 comitatu
774 4134 813 4198 de
827 4132 948 4197 'l'borda
964 4137 1043 4197 circa
1059 4134 1166 4197 vndam
1178 4134 1260 4197 fluuii
1271 4135 1397 4198 Aranias
1414 4135 1493 4198 exis-

312 4246 404 4308 tentis
427 4242 493 4327 pari
516 4240 667 4306 uoluntate
684 4245 715 4305 et
731 4242 878 4305 communi
897 4260 1046 4306 consensu
1068 4262 1136 4306 cum
1160 4241 1295 4307 omnibus
1316 4241 1492 4307 vtilitatibus

312 4353 373 4415 suis
390 4358 420 4416 et
435 4350 628 4436 pertinenciis
645 4352 792 4415 uniuersis
809 4351 892 4415 siluis
907 4352 1015 4434 pratis,
1033 4352 1123 4415 terris
1146 4349 1310 4415 arabilibus
1333 4356 1364 4415 et
1383 4354 1491 4417 tenetis

312 4461 366 4524 sub
384 4462 513 4545 antiquis
528 4460 616 4522 metis
633 4460 663 4523 et
677 4461 824 4532 terminis,
842 4460 950 4545 quibus
963 4460 1057 4543 ipsam
1071 4464 1183 4524 terram
1196 4459 1365 4524 babuerunt
1375 4468 1408 4525 et
1422 4481 1492 4545 pos·

313 4568 468 4642 sederunt,
491 4568 638 4633 dederunt
658 4568 845 4633 tradiderunt
863 4572 894 4631 et
912 4565 1152 4635 irrevocabiliter
1168 4568 1376 4640 uendiderunt,
1394 4571 1489 4635 contu
