3150 5092
1234 285 1284 356 93

99 457 273 541 Stephanus
292 464 323 520 et
338 456 432 520 abbas
450 458 488 520 de
503 457 597 534 Talia,
614 464 644 522 et
659 459 730 522 inde
747 461 782 525 ad
799 461 919 525 durium
935 459 1065 524 llomord
1087 464 1235 530 vocatum,
1257 467 1287 524 et

97 567 183 630 iuxta
195 567 312 629 tluvium
326 567 454 630 eundem
466 568 547 630 venit
560 568 698 651 superius
711 569 748 633 ad
760 567 861 632 villam
867 568 981 652 Pagha,
995 569 1078 633 cuius
1091 570 1287 633 commetanei

97 681 175 738 sunt
195 675 397 756 jobbagioncs
426 677 518 740 castri
541 675 579 740 de
606 678 763 741 liemarum
787 683 818 741 et
834 678 876 741 ibi
891 680 1075 743 terminatur.
1100 678 1206 741 Datum
1231 697 1286 760 per

12 851 14 869 Ι
98 805 205 847 manus
231 786 372 866 magistri
399 785 557 858 Demetrii,
588 785 729 850 hlhensis
751 788 883 851 ecclesie
907 788 1062 873 prepositi,
1092 786 1160 850 aule
1183 791 1287 848 nostre

12 881 15 934 3
98 893 363 957 vice-cancellarii
380 894 482 958 dilecti
500 900 532 957 et
547 895 647 960 tidelis
665 897 768 960 nostri.
794 899 877 961 hnno
891 893 1184 960 deminithChXIX
1198 895 1285 976 regni

11 1047 12 1061 ,
99 1007 198 1066 autem
215 1003 312 1065 nostri
328 1002 457 1067 XXXIV.

646 1246 739 1317 XCV.

652 1401 731 1474 raon

189 1546 363 1629 Stephanus
387 1547 443 1610 [lei
465 1547 563 1630 gratia
581 1547 683 1629 junior
704 1569 757 1613 rex
777 1548 940 1630 Hungarie,
963 1546 1022 1611 dux
1050 1545 1281 1630 Transylvanus,

100 1653 235 1718 dominus
261 1656 470 1728 Cumanorum,
497 1655 633 1720 omnihus
650 1655 764 1721 Christi
785 1656 925 1721 fidelibus
948 1660 1120 1740 presentem
1143 1658 1281 1742 pagu‘nam

98 1764 291 1848 inspecturis,
308 1765 435 1828 salutem
450 1767 479 1828 in
497 1767 624 1828 omnium
641 1765 798 1831 salvatore.
832 1767 871 1831 Ut
892 1765 1001 1830 oblivio
1019 1766 1114 1846 gestis
1135 1765 1284 1830 hominum

99 1880 229 1958 nequeat
246 1874 414 1946 novercari,
427 1874 491 1957 ipsa
503 1877 589 1956 gesta
605 1876 758 1940 literarum
773 1876 940 1960 patrocinio
957 1880 1177 1938 consueverunt
1192 1874 1284 1938 roho·

11 2042 13 2059 ,
97 1983 171 2056 rari,
190 1982 317 2066 proinde
339 1982 376 2045 ad
399 1985 604 2047 universorum
620 1985 752 2048 notitiam
768 1989 829 2048 tam
846 1986 1042 2068 presentium,
1065 2002 1153 2068 quam
1169 1983 1285 2047 futuro·

12 2094 15 2154 ÷
97 2111 164 2154 rum
192 2090 298 2154 harum
323 2091 402 2154 serie
430 2091 563 2156 volumus
580 2095 750 2176 pervenire,
773 2092 852 2179 quod
870 2092 1058 2155 scandentes
1075 2091 1237 2156 fidelitates
1253 2098 1284 2156 et

11 2193 12 2231 ³
97 2199 287 2263 servitiorum
316 2201 423 2264 merita
450 2201 530 2286 bel
554 2203 670 2266 comitis
693 2201 1044 2285 devitaremque
1065 2204 1096 2262 et
1112 2220 1186 2284 quas
1204 2201 1283 2264 idem

99 2309 186 2373 nohis
203 2329 220 2371 a
235 2308 422 2392 temporibus
444 2309 567 2373 infantie
590 2317 692 2374 nostre
704 2311 821 2394 jugiter
848 2309 933 2374 nobis
955 2307 1124 2372 famulando
1155 2308 1284 2373 fideliter

97 2418 234 2483 exhibuit
262 2421 293 2481 et
315 2416 437 2489 devote,
466 2425 497 2482 ct
521 2419 696 2503 specialiter
721 2426 857 2503 tempore
881 2417 1101 2504 persecutionis
1127 2422 1228 2482 nostro
1255 2426 1285 2483 et

11 2578 14 2586 .
96 2527 239 2598 miserie,
267 2527 383 2612 quando
411 2527 550 2591 videlicet
588 2526 662 2590 dora
695 2535 725 2590 et
758 2526 888 2592 erudelis
922 2527 1096 2610 persecutio
1128 2532 1283 2610 parentum

12 2661 13 2671 ¹
93 2642 267 2701 nostrorum
297 2656 351 2698 nos
379 2642 461 2700 extra
488 2657 614 2719 regnum
642 2642 774 2701 nostrum
799 2637 892 2701 voluit
913 2635 1067 2718 effugare,
1094 2656 1160 2700 cum
1176 2636 1283 2701 effectu

95 2745 180 2808 idem
195 2744 271 2827 chyl
287 2765 389 2808 comes
407 2745 542 2808 omnibus
558 2746 644 2810 honis
661 2748 723 2810 suis
747 2752 777 2810 et
792 2745 896 2810 liberis
913 2751 982 2829 post
996 2747 1113 2826 tergum
1131 2746 1283 2810 derelictis

94 2853 187 2918 nobis
216 2853 335 2917 adhesit
362 2858 394 2916 et
414 2855 568 2919 nobiscum
588 2855 694 2919 mansit
716 2855 772 2920 suh
802 2859 901 2920 castre
932 2852 1016 2917 Deva
1041 2859 1073 2918 et
1099 2854 1155 2918 suh
1183 2860 1283 2920 castro

93 2962 293 3027 Fshetuholm
321 2983 386 3026 eum
420 2962 556 3028 hostibus
590 2963 702 3028 nostris
731 2985 785 3047 pro
813 2963 1000 3027 redemtione
1021 2968 1123 3026 nostra
1153 2963 1283 3028 viriliter

95 3072 252 3137 dimicavit
269 3078 300 3135 et
315 3071 423 3137 multos
452 3093 488 3136 ex
515 3071 623 3136 iisdem
645 3073 824 3156 captivavit,
853 3072 968 3136 demum
984 3073 1015 3135 in
1030 3072 1139 3154 llsanig
1155 3073 1186 3136 io
1201 3072 1282 3136 bello

11 3203 12 3210 ¹
95 3186 201 3245 nostro
231 3181 366 3263 generali
395 3182 491 3246 dietus
513 3180 589 3266 chyl
612 3202 729 3254 comes,
759 3202 859 3245 eoram
880 3181 977 3246 oeulis
994 3186 1098 3246 nostre
1114 3180 1280 3262 majestatis

11 3333 12 3376 p
93 3295 164 3352 ante
182 3309 286 3353 omnes
303 3288 379 3353 alios
397 3291 527 3354 hostium
545 3310 657 3354 cuneos
674 3291 871 3374 perturbavit,
885 3291 1010 3355 cosdem
1027 3311 1163 3372 magnam
1188 3291 1283 3354 homi-

11 3387 12 3398 *
93 3397 184 3463 nibus
201 3397 368 3476 inferendo,
391 3397 441 3462 uhi
458 3399 580 3471 vulnera
607 3398 728 3462 lethalia
754 3402 781 3462 in
806 3421 841 3462 se
864 3400 989 3483 recepit,
1018 3400 1048 3462 in
1070 3419 1283 3483 recompensa-

11 3517 12 3548 *
91 3509 207 3571 tionem
240 3509 429 3571 servitiorum
455 3507 591 3587 ejusdem
615 3508 749 3572 volentes
774 3515 859 3589 grata
882 3508 1089 3573 vicissitudine
1105 3509 1281 3581 decurrere,

11 3633 12 3704 ᾗ
91 3624 126 3683 ut
153 3621 302 3690 tenemur,
325 3616 399 3680 lieet
422 3617 585 3699 majoribus
613 3617 722 3700 dignus
745 3617 905 3691 habeatur,
937 3623 968 3681 et
997 3623 1149 3681 mereatur
1169 3622 1279 3681 terram

90 3726 230 3790 Demetri
248 3724 377 3789 infidelis
393 3728 498 3798 nostri,
516 3731 546 3789 et
557 3730 666 3790 terram
683 3726 841 3799 Vincentii,
859 3746 918 3810 que
939 3729 1024 3791 luere
1045 3732 1127 3790 terre
1143 3729 1235 3790 castri
1252 3729 1281 3790 in

11 3890 12 3934 l

11 3936 12 3972 l

11 4042 13 4075 l

11 4077 12 4122 l

92 3836 241 3899 comitatu
250 3833 382 3907 Albensi,
398 3835 457 3920 ipsi
465 3834 541 3920 chyl
555 3836 656 3900 comiti
668 3835 749 3900 fideli
763 3841 876 3908 nostro,
893 3844 924 3900 et
936 3857 990 3920 per
1004 3856 1070 3898 eum
1085 3837 1148 3899 suis
1161 3835 1283 3899 heredi·

11 3976 12 4000 r
91 3945 163 4015 bus,
179 3945 361 4008 heredumne
376 3944 616 4020 successoribus,
635 3965 700 4009 cum
724 3946 858 4009 omnihus
880 3946 1069 4030 pertinentiis
1092 3953 1122 4008 et
1145 3945 1281 4010 utilitati·

91 4056 154 4120 hus
178 4054 349 4125 earundem,
378 4053 432 4126 sub
456 4054 562 4117 iisdem
580 4053 666 4116 metis
683 4060 714 4116 ct
728 4055 876 4126 terminis,
893 4054 1000 4140 quibus
1016 4075 1071 4138 per
1089 4056 1168 4118 viros
1186 4055 1281 4116 nomi-

11 4194 12 4255 p
92 4170 183 4228 natos
199 4165 319 4227 luerunt
335 4162 458 4226 limitato
481 4169 511 4225 et
523 4182 664 4247 possesse
681 4162 834 4236 dedimus,
856 4163 1030 4228 donavimus
1047 4167 1077 4226 et
1099 4161 1277 4226 contulimus

90 4272 161 4354 jure
183 4279 331 4355 perpetuo
356 4278 386 4336 et
409 4271 649 4336 irrevocabiliter
676 4272 884 4359 possidendas.
909 4273 950 4336 Ut
975 4274 1067 4356 igitur
1089 4271 1146 4335 hec
1178 4275 1279 4334 nostra

11 4391 14 4467 l
94 4381 216 4446 donatio
233 4381 324 4445 robur
340 4381 473 4445 obtineat
490 4384 637 4464 perpetuo
654 4380 819 4454 firmitatis,
843 4402 900 4445 nee
923 4386 1022 4444 tractu
1050 4381 1195 4464 temporis
1222 4400 1279 4464 per

96 4492 266 4577 quempiam
281 4491 376 4575 possit
392 4494 422 4554 et
440 4489 548 4556 debeat
564 4491 733 4564 retractari,
755 4495 914 4576 presentes
942 4489 1145 4554 concessimus
1162 4489 1277 4553 litteras
