3150 5092
21 563 28 660 p
80 568 147 615 vero
163 555 281 633 aparte
297 548 421 613 orientis
438 554 519 615 terre
542 546 679 613 Cluswar
699 548 928 631 distinguerent,
948 548 987 611 dc
1001 547 1072 612 hinc
1088 546 1214 611 ulterius
1230 547 1259 609 in

21 668 25 720 ¹.
75 658 176 722 eadem
193 660 242 723 ria
259 679 376 724 sursum
393 658 554 730 tendendo,
577 660 655 723 inter
668 659 742 722 duas
762 656 900 743 paludes,
928 657 965 721 ad
989 656 1100 721 bonum
1123 656 1259 741 spacium

21 751 27 878 p
76 766 317 851 progrediendo,
352 768 527 851 peruenitur
553 768 660 833 iterum
690 767 726 832 ad
757 765 915 852 quemdam
943 765 1133 830 monticulum
1157 770 1261 829 rotun·

21 881 26 899 ’“
78 874 159 947 dum,
177 875 318 940 similiter
333 876 416 939 Halm
434 884 585 947 vocatum,
603 876 684 940 circa
704 877 777 939 riam
795 895 812 939 a
828 880 915 959 parte
931 875 1056 939 orientis
1075 875 1260 947 existentem,

76 1004 161 1069 quem
202 986 297 1049 eciam
322 1006 377 1069 pro
415 1005 473 1049 una
508 991 585 1050 meta
614 983 743 1048 cursuali
771 983 966 1068 reliquissent
995 982 1110 1055 adhuc,
1133 983 1260 1047 ulterius

20 1143 26 1184 ·:
78 1095 105 1156 in
129 1094 238 1158 eadem
257 1097 303 1159 via
326 1094 538 1178 procedendo,
554 1096 671 1160 venitur
686 1094 722 1157 ad
739 1094 888 1178 quendam
906 1094 1031 1157 riuolum
1047 1113 1169 1177 parvum
1186 1093 1263 1156 iufra

21 1191 27 1344 p
75 1203 109 1267 ad
133 1224 243 1267 nemus
271 1202 499 1277 decurrentem,
525 1204 574 1267 rbi
603 1204 728 1269 eandem
756 1207 831 1268 viam
856 1203 894 1267 ad
917 1204 1048 1267 dextram
1066 1203 1261 1274 dimisissent,

20 1347 27 1400 ς
75 1318 104 1377 et
118 1315 149 1377 in
166 1312 276 1377 eodem
294 1313 389 1377 rinolo
406 1334 524 1377 sursum
537 1334 633 1399 usque
650 1314 686 1377 ad
704 1320 794 1397 caput
816 1312 948 1376 eiusdem
964 1313 1188 1396 processissent
1210 1310 1261 1376 ubi

17 1444 25 1524 ‘l
74 1429 162 1506 caput
186 1422 322 1503 ejusdem
344 1422 431 1486 rinoli
454 1445 509 1508 pro
531 1428 609 1487 meta
641 1422 855 1507 reliquissent,
883 1420 993 1485 dehinc
1019 1421 1145 1485 alterins
1169 1440 1262 1503 super

19 1527 26 1628 ξ
75 1536 163 1616 caput
182 1532 318 1595 eiusdem
335 1532 433 1605 riuoli,
453 1533 482 1595 in
500 1533 566 1596 acie
583 1531 736 1595 cuiusdam
751 1531 862 1607 Bereh,
879 1529 1091 1615 aliquantulum
1108 1530 1143 1593 ad
1161 1530 1259 1592 orien-

73 1645 131 1703 tem
154 1640 343 1705 reflectendo
360 1642 578 1714 ascendissent,
595 1648 626 1705 et
641 1640 781 1725 quasdam
800 1639 924 1704 arbores
938 1638 1022 1723 llylie
1041 1644 1263 1723 consequenter

18 1773 22 1782 ·
74 1749 251 1823 existentes,
275 1771 329 1835 pro
351 1751 438 1815 metis
456 1750 658 1822 remisissent,
681 1749 807 1815 alterins
823 1749 853 1812 in
870 1748 975 1812 eodem
992 1748 1090 1812 Berch
1112 1748 1261 1833 paululum

19 1850 20 1859 ³
72 1858 278 1942 procedendo,
304 1878 397 1941 penes
420 1858 543 1937 easdem
567 1858 690 1923 arbores
712 1857 890 1942 peruenitur
912 1856 948 1921 ad
966 1857 1163 1919 summitatem
1180 1855 1262 1936 ejus·

17 1962 20 2039 ἶ
73 1966 136 2030 dem
161 1965 281 2040 Bereh,
309 1966 359 2031 uhi
387 1968 416 2030 in
440 1967 536 2032 latere
558 1968 693 2049 ejusdem
721 1967 796 2031 duas
821 1969 917 2028 metas
939 1971 1056 2029 terreas
1079 1965 1261 2048 posuissent,

71 2094 197 2159 quarum
226 2094 282 2139 vna
305 2096 321 2139 a
348 2075 439 2159 plaga
463 2078 599 2141 orientali
621 2082 703 2140 terre
726 2074 872 2150 Cluswar,
890 2074 1059 2139 aliaveroa
1076 2075 1163 2158 plaga
1179 2075 1262 2137 occi·

70 2182 182 2246 dentali
210 2186 398 2265 possessioni
428 2182 583 2248 Monustnr
610 2191 798 2267 separarent.
827 2184 944 2247 Deinde
970 2184 1001 2245 iu
1030 2183 1134 2247 eudem
1163 2181 1261 2247 Berch

19 2265 21 2325 ,³
70 2289 286 2355 descendendo
314 2292 351 2355 ad
375 2293 529 2375 quamdam
560 2293 635 2356 viam
660 2310 779 2377 parvam
802 2297 833 2354 et
849 2294 943 2375 ipsam
959 2312 1016 2375 per
1032 2290 1215 2355 transeundo
1232 2290 1262 2351 in

19 2435 20 2489 3
71 2400 171 2465 medio
194 2402 347 2465 cuiusdam
373 2402 473 2474 uallis,
507 2404 537 2466 in
554 2402 679 2487 quadam
704 2402 761 2466 alia
778 2402 825 2465 via
849 2422 954 2466 versus
977 2401 1129 2465 meridiem
1153 2420 1261 2464 ascen-

18 2508 21 2592 ,3
70 2510 181 2583 dendo,
196 2516 227 2574 et
239 2509 268 2572 in
286 2531 414 2575 ascensu
427 2512 561 2575 eiusdem
578 2514 686 2575 montis
707 2532 793 2576 unam
814 2518 921 2575 metam
939 2509 1106 2575 cursualem
1124 2509 1162 2572 de
1183 2528 1260 2572 nonu

15 2603 25 2696 l
69 2620 251 2692 erexissent,
275 2618 383 2683 dehinc
406 2622 434 2684 in
460 2621 563 2685 eadem
586 2622 633 2686 via
659 2622 695 2685 ad
714 2620 838 2685 eandem
856 2621 973 2705 plagam
989 2618 1115 2683 ulterius
1131 2638 1262 2702 progre-

16 2710 22 2752 l
69 2730 193 2802 diendo,
210 2731 328 2794 venitur
344 2731 379 2794 ad
398 2731 552 2816 quamdam
570 2732 656 2795 aliam
673 2731 750 2796 viam
774 2750 910 2813 magnam
933 2748 1025 2812 super
1048 2736 1138 2812 capnt
1153 2746 1261 2808 magne

70 2841 146 2906 silve
164 2840 262 2923 ipsius
278 2842 453 2923 monasterij
470 2841 595 2927 Bylfew
616 2849 764 2916 uocatum,
794 2840 903 2905 deinde
920 2839 1115 2923 pereundam
1133 2839 1208 2900 viam
1233 2840 1262 2900 in

15 2976 19 2984 ·
69 2950 179 3013 eodem
199 2948 307 3018 Bereh,
332 2948 368 3011 ad
394 2949 520 3013 eandem
543 2950 661 3034 plagam
686 2951 909 3015 meridionalem
932 2950 1091 3023 tendendo,
1114 2950 1162 3013 vbi
1180 2951 1260 3012 circa

15 3100 19 3138 p
69 3059 199 3123 eandem
216 3059 292 3123 viam
309 3062 372 3122 tres
391 3065 485 3124 metas
502 3066 619 3126 terreas
635 3063 714 3125 inter
729 3062 803 3127 duas
815 3062 939 3127 arbores
954 3063 1040 3144 ylicis
1056 3064 1260 3131 renovassent,

13 3200 18 3220 a
68 3187 196 3252 quarum
210 3188 265 3230 vna
280 3188 295 3229 a
310 3172 394 3250 parte
407 3170 530 3233 orientis
546 3169 850 3242 terreCluswar,alia
865 3177 974 3255 aparte
987 3169 1124 3233 meridiei
1134 3189 1258 3251 posses-

13 3263 17 3341 l
68 3277 146 3340 sioni
164 3275 463 3361 Barrabyl1)‚te1·ua
482 3300 553 3341 nero
571 3300 587 3342 a
603 3280 691 3363 plaga
709 3280 877 3344 occidentis
894 3280 975 3343 dicte
991 3278 1178 3363 possessioni
1193 3278 1260 3341 llio-

13 3371 17 3450 l
68 3389 176 3447 nustur
189 3382 409 3464 distinguerent
426 3393 455 3447 et
468 3392 653 3468 separarent,
671 3387 796 3451 ulterius
809 3388 839 3449 in
853 3387 957 3451 eadem
973 3388 1018 3451 ria
1036 3410 1051 3449 a
1068 3386 1157 3469 plaga
1169 3387 1261 3449 meri-

66 3491 180 3556 dionali
203 3492 239 3555 ad
264 3492 371 3557 honum
395 3496 529 3577 spacium
551 3497 713 3569 tendendo,
730 3499 812 3560 circa
828 3497 953 3561 eandem
970 3498 1045 3559 viam
1069 3495 1143 3558 duas
1160 3500 1255 3558 metas

14 3652 15 3673 ,
66 3602 252 3684 posuissent,
261 3607 290 3664 et
306 3601 346 3665 ibi
361 3606 602 3667 conuicinaretur
619 3626 685 3669 cum
702 3605 1000 3689 possessionellylis
1011 3603 1042 3688 ²)
1052 3602 1162 3668 deinde
1174 3603 1262 3666 simi-

14 3724 15 3797 }
63 3705 135 3772 liter
152 3710 183 3771 iu
201 3709 305 3772 eadem
321 3714 368 3775 ria
387 3713 534 3795 paululum
553 3713 754 3795 procedendo,
772 3717 880 3777 iterum
898 3734 982 3777 vnam
1000 3718 1108 3776 metam
1126 3718 1258 3776 terream

14 3801 15 3828 ¹
65 3820 236 3884 cursualem
253 3821 408 3893 fecissent,
433 3824 529 3887 adhuc
546 3825 671 3888 ulterius
686 3826 717 3889 in
735 3826 840 3891 eadem
858 3828 903 3891 ria
924 3846 1039 3909 magna,
1058 3828 1134 3889 etin
1151 3825 1257 3889 eodem

64 3928 164 3993 Bereh
183 3930 219 3993 ad
236 3927 358 4011 longum
374 3933 507 4016 spacium
519 3933 744 4017 progrediendo
762 3935 837 3999 duas
854 3942 948 3999 metas
966 3938 1099 4021 antiquas
1118 3936 1254 3999 inuenis-

65 4044 142 4110 sent,
157 4058 279 4122 quarnm
296 4059 380 4103 unam
399 4049 605 4115 renovassent,
618 4048 648 4106 et
660 4042 773 4108 ibidem
792 4046 968 4126 iungeretur
985 4063 1051 4108 cum
1064 4044 1257 4128 possessione

65 4146 230 4232 Zyluastl,
254 4166 375 4231 quarum
396 4171 450 4214 vna
473 4173 490 4214 a
512 4157 597 4233 parte
620 4152 754 4217 eiusdem
778 4152 924 4230 meridiei,
949 4152 1047 4215 eidem
1071 4154 1258 4238 possessioni

96 4432 121 4491 ¹)
139 4427 263 4488 Bdnyabiilr
280 4430 309 4474 im
327 4430 437 4476 thordaer
455 4430 536 4477 comit.

95 4514 120 4573 ¹)
136 4514 211 4559 Miles
227 4512 258 4557 im
275 4511 388 4557 thordacr
405 4513 494 4558 Gemit.

100 4592 123 4655 ³)
141 4596 236 4653 Magyar
252 4590 340 4640 Snilrds
356 4594 386 4639 im
402 4594 512 4639 thordaer
528 4594 612 4643 (tonuit.
