3150 5092
12 1880 24 2181 l

12 2241 23 2369 l

10 2784 23 2917 l

1198 395 1267 468 151

99 569 237 635 comitatu
261 570 300 635 de
321 569 420 635 Torda
444 571 627 644 existentes,
649 589 722 655 ques
745 569 878 635 uniuersi
898 569 1017 636 nobiles
1032 571 1126 655 partis
1141 552 1277 637 'l'ransil-

99 699 172 742 rane
199 687 271 744 tuuc
297 679 328 743 in
354 679 418 762 ipse
445 679 634 764 expeditione
655 682 755 743 nostra
779 679 934 744 uobiscum
950 680 1127 753 existentes,
1150 702 1276 766 pernes

99 787 286 872 interrogati,
302 789 479 854 unanimiter
493 790 641 853 homiuum
652 789 717 852 sine
729 786 843 852 herede
855 787 1063 853 decedentium
1080 790 1175 853 fuisse
1190 809 1278 853 asse-

98 902 200 960 rentes
218 896 370 971 dicerunt,
394 903 553 982 nostreque
575 897 727 962 eollatioui
750 895 913 961 secundom
938 899 1025 978 regni
1041 901 1135 962 nostri
1151 919 1278 964 consue·

99 1003 230 1068 tudinem
254 1026 309 1090 per
337 1008 432 1071 omnia
454 1007 620 1091 pertinere,
649 1005 769 1070 easdem
793 1010 890 1070 terras
908 1006 1072 1081 iderentur,
1089 1007 1229 1090 Gurgud,
1247 1011 1279 1071 et

101 1111 223 1177 lleurhe
252 1121 436 1199 nuncupatas
457 1135 523 1180 cum
547 1113 681 1178 omnibus
708 1113 883 1178 utilitatibus
911 1121 943 1179 et
962 1115 1149 1199 pertinentiis
1168 1135 1278 1180 earun-

98 1219 165 1285 dem
181 1223 340 1296 universis,
358 1224 412 1288 sub
429 1225 523 1289 certis
545 1225 632 1287 metis
658 1227 690 1287 et
711 1222 839 1307 antiquis
860 1225 1005 1308 magistro
1032 1223 1157 1288 Nieolao
1185 1243 1278 1308 sepe·

94 1329 187 1403 dicto,
211 1351 247 1395 ac
266 1333 327 1396 suis
344 1333 517 1405 heredibus,
538 1331 742 1418 heredumque
758 1351 879 1396 suemm
902 1330 1133 1398 successoribus
1150 1332 1279 1396 contuli·

97 1457 170 1513 mus,
201 1439 345 1515 dedimus,
373 1441 555 1515 donavimus,
583 1446 671 1528 atque
693 1440 879 1515 tradidimus,
906 1440 945 1504 de
966 1440 1151 1526 plenitudine
1175 1445 1279 1504 nostre

97 1547 206 1629 gratie,
230 1548 269 1613 de
290 1550 415 1614 consilio
436 1551 615 1635 prelatorum
640 1555 671 1614 et
690 1548 833 1614 baronum
848 1553 1018 1614 nostrorum
1030 1548 1100 1630 jore
1123 1554 1279 1634 perpetuo,

98 1661 130 1720 et
150 1655 392 1724 irrevocabiliter
414 1657 621 1744 possidendas,
640 1658 785 1724 tenendas
809 1662 842 1723 et
861 1657 1023 1723 habendas.
1052 1657 1280 1723 introducentes

98 1770 198 1830 autem
209 1766 335 1830 eundem
347 1768 376 1831 in
386 1768 569 1853 corporalem
577 1766 952 1853 possessionemdiutarum
965 1772 1114 1832 terrarum
1121 1768 1278 1839 Kereutur,

98 1873 237 1956 Gurgud,
250 1880 281 1939 et
294 1875 412 1941 huerlre
425 1875 638 1962 appellatorum
654 1877 811 1963 perDeers
826 1875 957 1941 nobilem
974 1875 1012 1941 de
1019 1875 1141 1963 Tuur1)
1158 1875 1278 1941 fidelem

97 1988 252 2057 nostrum,
274 1982 329 2049 sub
357 1986 527 2050 testimonio
549 1986 670 2070 capituli
693 1985 825 2052 ecclesie
846 1985 1064 2069 Transylrane,
1088 1984 1281 2070 presentibus

97 2094 320 2166 commetaneis,
346 2098 376 2158 et
398 2094 502 2159 ricinis
529 2094 608 2159 nullo
631 2096 749 2180 penitus
772 2094 994 2161 contradictore
1009 2095 1166 2168 existente,
1192 2099 1279 2179 prout

97 2200 128 2264 iu
144 2200 244 2266 literis
267 2202 404 2284 ejusdem
430 2203 552 2287 capituli
585 2202 670 2269 nobis
692 2206 826 2270 constitit
836 2199 1015 2268 'evidentem'
1042 2203 1082 2267 Ut
1108 2203 1201 2286 igitur
1221 2203 1278 2266 hae

96 2315 201 2374 nostre
228 2309 411 2378 donaciones
432 2312 530 2376 eidem
552 2314 696 2396 magistro
710 2312 853 2386 Nicolao,
875 2332 911 2375 ac
926 2312 989 2375 suis
1005 2312 1134 2395 posteris
1150 2331 1206 2395 per
1220 2331 1276 2375 nos

98 2419 180 2484 lacte
196 2419 291 2484 robur
311 2421 466 2504 optineant
488 2425 634 2506 perpetue
660 2421 826 2494 firmitatis,
853 2442 910 2486 nec
935 2424 1032 2485 tractu
1058 2424 1202 2504 temporis
1228 2440 1284 2504 per

11 2574 13 2583 ,
95 2528 266 2613 quempiam
279 2549 486 2595 successorum
497 2535 665 2595 nostrorum
676 2531 802 2615 possint,
810 2529 857 2596 rel
869 2530 996 2594 debeant
1016 2528 1279 2611 retractariatque

98 2637 224 2711 irritari,
251 2643 409 2722 presentes
434 2640 637 2704 concessimus
663 2640 769 2704 literas
795 2645 913 2704 nostras
935 2637 1062 2724 duplicis
1078 2636 1170 2719 sigilli
1185 2638 1280 2700 nostri

99 2746 263 2811 munimine
283 2745 449 2812 roboratas.
470 2748 576 2812 Datum
592 2768 648 2832 per
666 2768 771 2812 manus
793 2747 976 2813 uenerabilis
996 2749 1028 2810 iu
1044 2744 1164 2810 Christo
1186 2746 1280 2829 patris
1343 2799 1349 2816 ,

99 2855 245 2938 Gregorii
265 2855 323 2920 Dei
338 2857 433 2940 gratia
450 2857 585 2942 episcopi
604 2855 837 2930 Chanadiensis,
860 2855 927 2921 aule
949 2860 1052 2920 nostre
1069 2855 1135 2919 rice
1159 2853 1281 2918 cancel·

101 2963 170 3027 larii
194 2964 296 3029 dilecti
312 2969 343 3030 et
364 2964 462 3032 fidelis
485 2967 590 3072 nostri,
606 2985 633 3029 a.
649 2965 686 3030 D.
704 2962 940 3029 ccccxxxix.
959 2964 1046 3047 regni
1065 2968 1160 3028 eutem
1185 2963 1280 3027 nostri

15 3101 16 3150 ff
101 3093 180 3137 auno
196 3071 310 3138 Xllllll.

646 3243 738 3316 CLV.

651 3380 731 3438 racc.

191 3491 347 3557 hadislaus
364 3492 419 3556 Dei
435 3492 531 3575 gratie
547 3490 707 3574 hungarie,
724 3490 880 3563 Dalmatia,
898 3487 1027 3562 Creatie,
1044 3489 1145 3560 Rome,
1162 3487 1282 3558 Ser-rie,

100 3601 239 3675 Gallicie,
256 3601 446 3675 hodomerie,
464 3599 613 3675 Comanie,
630 3600 831 3685 Bulgarieqoe
842 3619 906 3672 rex,
918 3598 1054 3663 omnihus
1070 3597 1183 3662 Christi
1203 3595 1281 3660 fide·

10 3691 16 3765 Ϊ
101 3712 182 3776 libus
206 3715 364 3796 presentes
386 3711 487 3775 literas
511 3709 710 3796 inspecturis,
739 3708 864 3774 salutem
880 3708 909 3771 in
927 3706 1045 3771 domino
1062 3708 1280 3791 sempiternam.

97 3821 142 3885 nd
158 3821 364 3885 universorum
380 3819 511 3884 notitiam
529 3857 572 3868 -
590 3855 630 3869 -
649 3820 720 3883 -ie
742 3817 926 3903 presentium
948 3816 1080 3880 volumus
1106 3816 1275 3900 pervenire.

100 3928 190 4012 Quod
217 3949 271 3992 nos
302 3930 446 4014 quandam
475 3965 519 3978 -
539 3965 584 3980 -
606 3966 649 3978 -
670 3928 762 3993 castri
785 3927 881 3990 nostri
895 3925 1033 3990 Albensis
1054 3923 1279 3990 Transsiluauie

100 4036 294 4125 Gyumorua)
319 4044 469 4112 vocatam,
497 4059 585 4126 qoam
614 4037 735 4102 scilicet
760 4057 814 4102 rex
840 4038 927 4120 pater
953 4038 1057 4098 noster
1080 4033 1279 4104 ¹charissimus

98 4145 200 4211 felicis
216 4147 437 4213 recordacionis
453 4147 603 4212 mediante
619 4145 775 4231 priuilegio
792 4166 847 4210 suo
868 4143 1007 4210 fidelibus
1030 4141 1196 4226 hospitibus
1218 4142 1280 4204 suis

99 4256 140 4321 de
152 4254 268 4321 Karaho
284 4256 451 4322 contulerat
466 4276 532 4321 cum
549 4256 684 4321 omuibus
697 4253 874 4319 utilitatibus
889 4251 1119 4338 etpertinentijs
1134 4248 1280 4332 ejusdem,

100 4365 158 4431 sub
179 4365 292 4430 eisdem
315 4364 402 4430 metis
423 4370 454 4430 et
483 4365 630 4438 terminis,
651 4369 741 4448 prout
757 4363 788 4427 in
809 4362 968 4447 privilegio
990 4359 1062 4426 dicti
1077 4359 1171 4442 patris
1186 4356 1280 4421 nostri

134 4562 162 4625 ¹)
178 4566 227 4610 'lor
242 4564 273 4609 im
288 4563 399 4611 thordaer
415 4563 498 4610 Gemit.

132 4645 160 4708 ²)
177 4648 299 4704 Gyumesd.
316 4647 419 4704 Kemeny
435 4645 474 4692 bei
490 4641 560 4707 Fejer
576 4647 631 4699 171,
647 4645 673 4701 l,
683 4645 737 4692 216.
