3150 5092
275 338 354 409 214

275 511 388 577 christi
418 511 549 577 fidelium
571 512 659 577 hicce
681 510 878 595 presentium,
902 511 1087 594 aliorumque
1103 509 1312 573 universorum
1329 505 1478 571 seandalo
1564 538 1566 569 ;

274 620 485 685 ecclesiastice
515 620 831 685 excommunicationis
863 620 1040 691 interdicto,
1073 615 1154 702 quod
1186 613 1355 679 inauditum
1386 635 1477 686 sane,

274 729 405 811 publicis
426 734 457 791 et
478 728 649 793 forensibus
666 725 788 809 scriptis
803 725 1000 791 innodarerit.
1026 725 1123 807 Quum
1138 729 1239 787 autem
1250 722 1335 804 juxta
1357 724 1477 787 sancti·

275 856 348 900 ones
364 836 395 898 in
411 835 556 919 preallata
569 834 808 917 congregatione
820 832 958 916 generali
966 833 1153 898 dominorum
1169 830 1368 914 prelatorum,
1380 828 1477 893 baro-

274 962 352 1015 num,
375 950 406 1008 et
428 944 637 1007 universorum
661 942 805 1005 nobilium
820 942 912 1005 totius
928 942 1016 1024 regni
1038 940 1128 1023 hujus
1156 940 1240 1011 latas,
1257 958 1377 1022 perque
1393 958 1473 1000 eun-

276 1052 344 1115 dem
381 1050 531 1114 domiuum
563 1051 712 1113 Andream
741 1068 848 1130 regem
882 1048 1031 1111 illustrem
1069 1051 1263 1131 acceptatas‚·
1285 1044 1477 1128 publiceque

275 1157 468 1243 approbatas,
485 1157 752 1242 proclamatasque,
770 1176 895 1243 quorum
908 1158 991 1240 peria
1003 1158 1071 1240 ipsc
1082 1172 1201 1239 quoque
1213 1154 1353 1218 dominus
1366 1154 1477 1216 Petrus

274 1268 305 1330 in
324 1288 408 1331 usum
429 1268 559 1331 ecclesie
577 1286 648 1338 sue,
663 1266 870 1349 nobiliumque
886 1264 975 1347 buius
994 1270 1078 1330 terre
1096 1284 1153 1349 per
1171 1261 1300 1327 eundem
1319 1263 1477 1327 dominum

274 1394 380 1457 regem
405 1376 576 1441 authentice
597 1375 759 1439 transcribi
782 1376 867 1445 lecit,
884 1374 982 1436 omnia
998 1372 1171 1444 interdicta,
1196 1392 1255 1457 que
1270 1372 1379 1435 nelors
1393 1371 1479 1434 idem

275 1483 420 1564 magister
436 1484 605 1566 Gregorius
618 1482 746 1555 electus,
760 1487 793 1547 ut
808 1482 946 1563 allegare
961 1488 1051 1554 amat,
1067 1480 1300 1561 strigoniensis,
1313 1479 1479 1561 jacularet,

275 1612 332 1674 pro
357 1592 464 1662 irritis,
488 1591 615 1663 frivolis,
644 1610 776 1675 nequca
801 1596 905 1657 sancta
929 1589 1005 1653 sede
1019 1590 1084 1673 ipsa
1102 1586 1267 1671 apostolica
1288 1588 1478 1670 promanatis

276 1697 429 1762 declarata
445 1698 622 1771 habeantur,
640 1700 711 1763 binc
728 1699 848 1761 nominc
864 1698 937 1761 dicti
954 1699 1065 1762 domini
1082 1697 1164 1760 Petri
1186 1696 1324 1779 episcopi
1355 1698 1478 1779 capitu-

274 1804 356 1888 lique
373 1806 430 1880 sui,
449 1807 650 1891 universeque
667 1804 799 1869 ecclesie
816 1809 899 1868 terre
912 1804 1127 1886 Transplvane,
1144 1824 1202 1887 ego
1218 1804 1365 1884 magister
1381 1801 1479 1867 Nico-

277 1914 341 1977 laus
371 1913 601 1976 archidiaconus
631 1913 669 1976 de
693 1912 812 1986 Zonulr,
848 1914 1011 1977 eanonicus
1042 1912 1174 1976 ecclesie
1205 1912 1285 1974 beati
1313 1910 1480 1975 blicbaelis

278 2021 466 2101 archangeli,
484 2028 515 2082 et
527 2023 661 2084 notarius
679 2021 815 2101 ejusdem
832 2020 944 2085 domini
959 2021 1018 2084 mei
1035 2018 1279 2084 reverendissimi
1290 2018 1400 2092 semel,
1416 2018 1479 2092 bis,

277 2133 343 2209 ter,
361 2148 396 2191 ac
414 2148 536 2211 semper
557 2133 711 2211 protestor
726 2134 831 2193 contra
851 2132 909 2193 hee
925 2129 1100 2200 interdicta,
1117 2128 1295 2211 appellando
1312 2128 1351 2191 ad
1366 2147 1478 2190 sacro-

277 2240 409 2299 sanctam
427 2235 530 2298 sedem
549 2234 743 2317 apostolicam
761 2256 896 2321 eousque
909 2236 1116 2308 etiam,donec
1130 2233 1168 2298 ad
1184 2235 1285 2298 limina
1302 2241 1479 2299 sauctorum

276 2342 479 2425 apostolorum
494 2343 679 2424 provolutus,
697 2343 886 2426 spiritualem
908 2345 938 2407 in
965 2344 1015 2407 his
1038 2345 1268 2427 expostulavero
1290 2342 1479 2407 satissatis-

277 2470 354 2513 ncm.
379 2450 418 2514 Et
441 2470 533 2534 super
552 2450 600 2513 bis
623 2452 761 2514 omnibus
784 2452 986 2516 testimonium
1002 2452 1074 2514 mibi
1090 2456 1234 2536 presente
1250 2450 1344 2513 istbic
1360 2450 1479 2515 Christi

278 2557 391 2643 populo
419 2560 450 2621 in
477 2559 600 2621 instanti
625 2559 776 2641 prestolor
789 2558 874 2641 juxta
890 2565 1067 2643 preceptum
1083 2579 1238 2624 sacrorum
1254 2559 1390 2623 ecclesie
1407 2561 1478 2623 uni·

275 2665 403 2729 cerealis
429 2684 585 2734 canonum.
621 2666 684 2729 Nos
708 2668 802 2747 igitur
820 2668 971 2751 postulato
994 2666 1132 2748 ejusdem
1153 2667 1267 2730 domiui
1292 2665 1413 2731 Nicolai
1444 2668 1477 2730 in

276 2775 399 2837 instanti
416 2775 609 2846 satisfacere,
634 2778 667 2837 ut
689 2779 847 2847 tenemur,
868 2776 1021 2848 volentes,
1044 2780 1204 2858 presentes
1219 2775 1320 2838 eidem
1337 2776 1477 2840 duximus

276 2879 395 2943 litteras
413 2900 485 2943 esse
508 2882 735 2955 concedendas,
760 2882 853 2964 sigilli
876 2884 974 2947 nostri
993 2883 1153 2947 munimine
1169 2883 1339 2949 roboratas.
1364 2885 1474 2947 Actum

275 3007 363 3060 anuo,
380 2993 412 3053 et
427 2987 507 3053 festo
524 3008 615 3071 supra
628 2990 811 3053 memoratis.

807 3176 943 3247 ccxxi.

644 3346 655 3365 .
713 3310 794 3375 1299,
812 3312 856 3365 ab.
876 3310 1030 3367 November.

366 3415 527 3496 Magnifico
553 3422 616 3482 viro
647 3423 678 3482 et
707 3420 834 3484 honesto
856 3420 998 3486 badinlao
1021 3420 1168 3501 wayuode
1194 3416 1412 3483 'l'ranssilnaoo
1441 3425 1474 3484 et

187 3545 191 3556 ·
275 3524 376 3587 comiti
393 3524 432 3587 de
449 3524 551 3588 Zonuk
568 3528 663 3591 amico
689 3548 792 3591 eorum
819 3528 1003 3600 honorando,
1026 3526 1188 3610 capitulum
1204 3527 1340 3590 ecclesie
1355 3527 1473 3591 Trans·

275 3632 390 3695 siluane
414 3631 516 3695 debite
544 3635 683 3699 amicicie
710 3640 741 3699 et
756 3634 881 3699 honoris
900 3637 1073 3700 continuum
1094 3637 1324 3699 incrementum.
1348 3634 1469 3699 Literas

274 3744 376 3803 vestre
393 3740 605 3823 magnitudinis
619 3743 764 3807 uoueritis
779 3762 835 3805 nos
851 3744 1008 3826 recepisse
1023 3746 1053 3806 in
1070 3744 1128 3806 boc
1143 3742 1245 3807 rerba.
1263 3741 1313 3826 (S.
1325 3741 1400 3805 Urlr.
1415 3742 1469 3805 Nr.

277 3846 428 3911 ccxvlu.
451 3846 519 3912 ddo.
539 3848 616 3912 Villa
633 3848 723 3914 Cruc.
747 3868 845 3935 prope
864 3851 956 3915 Tord.
980 3850 1067 3915 Ciuit.
1085 3850 1191 3921 1999,
1208 3851 1261 3913 29.
1280 3848 1388 3934 Sept.)
1406 3850 1471 3914 Nos

277 3957 355 4019 enim
387 3955 588 4037 peticionibus
609 3962 712 4020 vestre
734 3958 950 4039 magnitudinis
971 3959 1060 4022 iustis
1078 3978 1114 4022 ao
1135 3956 1279 4041 legitimis
1300 3963 1469 4022 annuentes

275 4084 343 4127 eum
370 4066 488 4147 prelato
520 4064 656 4145 Nijeolao
689 4066 727 4129 dc
760 4065 845 4128 blera
881 4070 982 4129 vestro
1022 4064 1142 4127 bomine
1174 4084 1264 4128 vnum
1312 4084 1350 4127 ex
1382 4065 1469 4130 nobis

275 4171 416 4235 videlicet
443 4173 618 4254 magistrum
648 4172 836 4257 Mycbaelem
865 4175 980 4237 socium
1014 4178 1046 4236 et
1072 4172 1306 4235 concanonicum
1333 4179 1468 4237 nostrum

274 4279 311 4340 ad
327 4280 477 4361 premissa
498 4281 671 4363 peragenda
693 4280 912 4344 transmisimus
937 4301 992 4364 pro
1007 4280 1179 4343 testimonio
1200 4278 1261 4343 lide
1278 4278 1402 4363 dignum
1417 4282 1468 4366 qui

275 4386 392 4449 demum
409 4387 446 4449 ad
459 4406 513 4450 nos
530 4388 647 4451 reversi
663 4388 858 4452 concorditer
874 4388 960 4452 nobis
977 4384 1155 4460 retulerunt,
1174 4386 1254 4471 quod
1268 4388 1329 4470 ipsi
1341 4388 1371 4450 iu
1388 4390 1467 4452 festo

273 4495 402 4557 omnium
425 4501 607 4567 sanctorum,
625 4513 703 4558 nunc
715 4495 850 4579 proxime
866 4497 1014 4578 preterito
1031 4496 1194 4559 adfaciem
1215 4497 1274 4558 iam
1290 4496 1375 4559 dicte
1390 4516 1465 4579 pos·
