3150 5092
825 562 963 635 osvin.

770 699 857 763 rear,
876 699 919 753 re.
938 698 1009 755 sunt.

388 808 546 892 blagnifieo
569 810 633 873 viro
651 814 681 873 et
696 809 823 874 honesto
850 808 968 873 domino
993 808 1135 871 Ladizlao
1160 804 1308 889 uajvroda
1331 802 1489 868 Transsil·

299 940 375 985 uano
391 923 422 983 et
438 919 541 983 comiti
559 917 597 981 de
613 916 714 981 Zonulr
732 919 828 981 amieo
844 937 947 981 eorum
963 916 1144 989 venerando,
1172 913 1334 999 capitulum
1356 912 1489 977 ecclesie

298 1027 524 1100 Waradiensis,
547 1025 648 1091 debite
672 1026 823 1098 amicicie,
851 1031 883 1090 et
909 1025 1032 1089 honoris
1060 1026 1230 1089 continuum
1256 1024 1486 1085 incrementum.

298 1136 417 1201 literas
433 1138 535 1199 vestre
552 1133 761 1214 magnitudinis
778 1136 924 1199 noueritis
940 1156 995 1198 nos
1011 1134 1041 1196 in
1057 1133 1115 1197 bec
1130 1131 1222 1197 verba
1238 1132 1410 1215 recepisse.

389 1242 500 1329 (Siebe
519 1243 567 1308 die
584 1241 836 1324 vorbergehende
852 1239 1027 1327 Urlarnde.)

387 1352 450 1416 Nos
474 1353 552 1416 enim
580 1351 669 1415 iustis
697 1358 728 1415 et
749 1352 894 1435 legitimis
922 1350 1123 1437 peticionibus
1146 1355 1246 1414 vestre
1275 1348 1489 1432 magnitudinis

298 1465 470 1535 annuentes,
487 1464 519 1523 ut
536 1467 683 1533 tenemur,
700 1480 822 1525 unacum
841 1461 976 1546 predicto
994 1460 1108 1524 dacobo
1125 1458 1344 1524 dictoChuede
1356 1458 1491 1524 Zvvcbaln

300 1569 448 1656 predicta,
472 1576 603 1634 nostrum
626 1570 955 1643 hominem,'videlicet
978 1570 1152 1651 magistrum
1176 1568 1343 1633 lohaonem
1373 1570 1491 1633 socium

299 1685 330 1743 et
359 1680 588 1744 concanonicum
613 1685 762 1752 nostrum,
791 1678 826 1742 ad
856 1680 1001 1763 premissa
1027 1678 1199 1763 exequenda
1233 1698 1287 1762 pro
1314 1679 1488 1743 testimonio

297 1786 481 1872 lidedignum
498 1788 563 1852 vice
581 1792 681 1850 nostra
699 1787 835 1851 duximus
853 1787 1122 1852 transmittendum.
1148 1787 1205 1869 Qui
1232 1786 1350 1850 demum
1374 1788 1413 1851 ad
1436 1807 1489 1851 nos

299 1897 428 1969 reversi,
446 1894 532 1959 nobis
550 1896 742 1960 concorditer
760 1898 999 1979 retulerunt,pev
1015 1917 1069 1959 nos
1085 1896 1321 1981 requisiti,quod
1337 1897 1400 1981 ipsi
1415 1897 1490 1962 feria

300 2005 431 2069 secunda
449 2006 590 2090 proxima,
616 2010 684 2067 ante
703 2005 812 2068 festum
835 2003 991 2069 beatorum
1015 2003 1146 2089 Philippi
1164 2010 1195 2069 et
1210 2004 1318 2069 Jacobi
1335 2006 1490 2089 apostulo-

296 2135 373 2187 rum,
399 2119 430 2176 et
456 2113 522 2177 aliis
552 2112 658 2177 diebus
680 2113 717 2177 ad
740 2113 799 2177 bec
821 2116 909 2198 aptis,
933 2121 964 2176 et
985 2133 1118 2196 congrue
1137 2114 1325 2177 sufficienter
1341 2115 1378 2177 ad
1395 2114 1490 2179 iacies

297 2221 498 2307 predictarum
515 2224 738 2306 possessionum
745 2223 919 2294 Menestam,
935 2227 966 2286 et
981 2223 1222 2288 chtlrbenedolc
1236 2223 1344 2287 uicinis
1358 2228 1390 2286 ct
1407 2244 1490 2289 com-

299 2333 443 2394 metaneis
457 2332 619 2395 earundem
637 2332 797 2404 uniuersis,
814 2331 953 2395 videlieet
969 2330 1134 2395 venerabili
1153 2331 1182 2393 in
1200 2329 1321 2394 Christo
1338 2336 1438 2414 patre,
1453 2353 1490 2395 ac

298 2441 428 2513 domiuo,
445 2440 563 2504 domino
581 2439 681 2513 Petro,
699 2439 748 2503 dei
765 2445 797 2502 et
812 2440 977 2523 apostolice
994 2441 1076 2504 sedis
1097 2441 1191 2520 gratia
1210 2442 1353 2525 episcopo
1373 2441 1489 2504 Trans·

298 2551 424 2623 siluano,
447 2571 482 2614 ac
508 2550 574 2632 alijs
599 2550 754 2635 quihusuis
780 2551 910 2635 undique
927 2552 1073 2631 legittime
1089 2552 1160 2615 inibi
1176 2553 1347 2616 convocatis
1365 2559 1395 2615 et
1415 2573 1490 2636 pre-

298 2660 435 2725 sentibus
450 2658 637 2732 accedendo,
655 2660 780 2743 primos
797 2660 886 2743 plaga
904 2660 1041 2723 orientali
1058 2660 1139 2723 eirca
1158 2659 1276 2723 lluuium
1295 2659 1395 2724 Nadas
1411 2663 1489 2724 inei-

297 2770 406 2854 piendo
429 2770 503 2834 duas
526 2772 622 2831 metas
646 2770 780 2853 antiquas
804 2770 1001 2853 reperissent,
1023 2789 1146 2853 quarum
1172 2790 1257 2832 vnam
1281 2779 1488 2844 renovassent,

297 2899 419 2964 quarum
437 2875 557 2962 quidem
574 2898 630 2941 uua
650 2899 666 2940 a
683 2878 769 2962 plaga
787 2878 924 2963 orieptali
937 2883 1017 2939 terre
1035 2874 1183 2953 Clusuar,
1200 2877 1257 2941 alia
1273 2898 1345 2942 vero
1362 2901 1378 2941 a
1402 2886 1487 2963 parte

297 2987 477 3052 occidentali
493 2989 680 3072 possessioni
698 2988 862 3060 Monustur,
886 2988 1114 3069 destingverent
1127 2992 1158 3049 et
1174 2994 1362 3070 separarent,
1377 2988 1484 3052 deinde

295 3096 489 3181 procedendo
507 3116 615 3160 uersus
625 3096 744 3182 plagam
758 3095 993 3167 meridionalem,
1005 3096 1035 3157 in
1045 3095 1142 3158 medio
1155 3099 1301 3159 terrarum
1319 3098 1483 3170 arabilium,

297 3205 432 3270 saliendo
450 3206 594 3291 quandam
607 3207 683 3271 mam
700 3223 848 3285 magnam,
866 3211 896 3268 et
913 3204 1101 3269 ascendendo
1119 3210 1246 3268 montem
1264 3226 1415 3287 magnum,
1431 3226 1482 3291 pre

297 3313 366 3396 alijs
395 3316 554 3388 alciorem,
578 3334 675 3399 prope
699 3321 828 3378 montem
851 3312 1017 3397 lapidosum
1045 3314 1238 3386 existentem,
1263 3320 1292 3377 et
1319 3313 1432 3379 ibidem
1454 3317 1480 3379 iu

295 3422 451 3488 cacumine
473 3424 607 3488 eiusdem
636 3424 742 3487 montis
766 3443 852 3487 vnam
877 3428 983 3486 metam
1005 3423 1175 3487 cursualem
1193 3422 1370 3485 inueniendo
1394 3444 1482 3487 reno·

295 3538 428 3606 vasseut,
441 3531 549 3596 abhinc
567 3531 778 3596 descendendo
796 3533 1031 3604 directe,contra
1048 3531 1175 3595 eandem
1187 3533 1305 3616 plagam
1322 3533 1483 3607 tendendo,

295 3641 508 3725 pervenissent
530 3642 566 3705 ad
587 3643 708 3705 lluuium
727 3643 844 3715 Zamus,
877 3662 964 3727 quem
986 3641 1107 3726 quidem
1129 3641 1251 3705 fluvium
1272 3641 1482 3706 transsiliendo

294 3771 401 3814 uersus
424 3749 481 3813 iam
507 3750 615 3815 dictam
639 3750 757 3836 plagam
780 3750 1018 3823 meridionalem,
1041 3753 1071 3813 in
1088 3750 1212 3833 planitie
1230 3749 1268 3814 ad
1284 3750 1396 3815 bonum
1413 3772 1482 3837 spa·

295 3860 372 3922 cium
390 3858 530 3930 tenendo,
544 3859 595 3942 ubi
612 3861 786 3942 pervenitur
803 3860 840 3923 ad
854 3861 1004 3944 viamque
1021 3861 1080 3923 itur
1096 3859 1134 3922 de
1150 3860 1344 3944 possessione
1360 3860 1481 3925 blouus·

294 3973 342 4032 tor
364 3967 400 4031 ad
424 3966 568 4041 Cluswar,
594 3968 732 4032 similiter
754 3967 889 4032 saliendo
913 3974 943 4031 et
964 3974 1093 4032 montem
1115 3967 1316 4039 ascendendo,
1334 3967 1481 4053 usquead

295 4076 384 4139 linem
418 4076 572 4142 cuiusdam
603 4078 712 4141 fossati
744 4078 970 4161 pervenissent,
1002 4082 1032 4141 el
1062 4077 1141 4140 inter
1172 4078 1329 4161 quamdam
1365 4075 1482 4141 foueam

294 4204 431 4269 magnam
444 4185 626 4270 quadradam
642 4192 673 4250 et
689 4188 845 4262 fossatum,
862 4187 892 4248 iu
908 4185 1039 4269 planicie
1055 4187 1189 4251 eiusdem
1208 4186 1316 4249 montis
1334 4187 1372 4250 ad
1389 4206 1481 4271 quao-

295 4294 362 4357 dam
377 4295 453 4358 viam
470 4296 500 4359 in
517 4316 575 4379 qua
597 4295 712 4361 directe
734 4294 925 4360 ascendendo
941 4294 1152 4378 pervenissent
1167 4297 1205 4360 od
1221 4294 1379 4381 quemdam
1396 4314 1479 4360 mon·

294 4402 417 4467 ticulum
445 4403 529 4467 Halm
561 4408 709 4477 uocatum,
742 4406 772 4467 iu
796 4425 854 4490 quo
878 4404 951 4467 duas
974 4408 1069 4468 metas
1091 4406 1261 4488 perforatas
1282 4405 1477 4488 reperissent,

294 4532 417 4597 quarum
444 4533 500 4576 vna
524 4534 540 4575 a
564 4518 650 4596 parte
673 4513 841 4578 occidentis
869 4514 1005 4597 predicte
1027 4516 1216 4599 possessioni
1233 4514 1401 4589 Monustur,
1424 4513 1477 4578 alia
