3150 5092
641 623 748 696 CLIX.

657 761 737 818 1289.

192 871 359 958 Capitulum
392 872 522 938 ecclesie
551 872 632 938 beati
667 871 825 938 Michaelis
866 869 1040 951 archangeli
1076 868 1281 944 Transilvane,
1330 871 1333 875 ’

15 1019 22 1064 4
105 981 240 1046 omnibus
267 981 378 1046 Christi
409 981 547 1046 fidelibus
577 986 636 1045 tam
661 979 870 1066 presentibus,
902 998 988 1063 quam
1016 978 1123 1042 futuris
1153 996 1281 1062 presens

17 1065 21 1104 ἶ
102 1091 248 1176 scriptum
279 1091 462 1175 inspecturis
489 1089 614 1154 salutem
648 1090 677 1152 in
711 1090 839 1153 omnium
866 1085 1025 1152 salvatore.
1065 1085 1282 1153 Universorum

102 1199 207 1263 nohtic
235 1198 338 1263 harum
361 1200 440 1264 serie
463 1198 660 1271 declaramus,
683 1199 762 1283 quod
785 1217 887 1262 comes
910 1194 1065 1260 hadislaus
1087 1194 1165 1260 tilius
1182 1196 1277 1260 Daras

101 1307 307 1392 principaliter
321 1326 376 1391 pro
392 1325 425 1373 se
444 1312 475 1371 et
485 1307 642 1380 Michaele,
656 1306 808 1380 hadisleo,
824 1305 892 1369 u..
910 1352 918 1368 .
936 1351 945 1368 .
962 1325 998 1370 ac
1013 1303 1117 1389 Opous
1131 1304 1201 1369 tiliis
1217 1305 1279 1369 suis

104 1437 204 1480 coram
221 1415 307 1482 uobis
320 1416 529 1500 comparendo,
542 1417 682 1502 quasdam
698 1421 797 1480 terras
809 1435 877 1479 suas
889 1412 1018 1501 neap)
1032 1417 1061 1478 et
1067 1412 1282 1499 sarcocelen)

103 1529 236 1599 vocatas,
252 1527 327 1589 sitas
341 1525 371 1588 io
388 1527 486 1610 capite
502 1523 592 1590 rivuli
606 1523 701 1598 Kozd,
723 1543 789 1588 oum
806 1522 941 1588 omnibus
963 1520 1140 1587 utilitatibus
1156 1523 1231 1596 suis,
1248 1527 1280 1586 et

17 1631 19 1634 ’
102 1634 304 1720 pertinentiis,
329 1632 366 1698 ab
392 1635 509 1698 oriente
525 1633 615 1698 terris
633 1632 704 1700 ville
721 1631 842 1718 Sybcrg
853 1630 881 1719 ⁸)
904 1634 1018 1706 roceto,
1035 1629 1072 1695 ab
1088 1636 1187 1696 austro
1202 1632 1283 1695 heu·

17 1732 19 1812 Ῑ
103 1739 324 1827 boigteluhyl),
351 1739 388 1806 ab
416 1742 574 1808 occidente
597 1742 686 1806 terris
708 1741 778 1807 ville
801 1737 1010 1826 Bnrabucht),
1032 1759 1049 1803 a
1071 1741 1283 1825 septemtrione

17 1845 19 1936 l
101 1856 185 1914 terre
212 1849 415 1937 Poptelulxyt)
438 1856 606 1936 nuncupate
632 1850 820 1933 adjacentes,
848 1856 880 1915 et
905 1853 1118 1914 commctantes
1144 1848 1227 1914 dedit
1249 1854 1280 1915 et

102 1958 248 2034 vendidit,
271 1958 372 2024 comiti
395 1959 484 2026 Petro
507 1960 567 2026 filio
584 1959 727 2042 Henneng
743 1958 782 2023 de
794 1958 868 2024 Dola
879 1957 919 2045 7),
935 1965 966 2023 et
980 1979 1036 2044 pcr
1052 1979 1118 2023 eum
1134 1959 1196 2023 suia
1212 1980 1283 2024 soc·

17 2053 21 2137 l
102 2067 278 2132 sessoribus
295 2068 502 2152 possidendas,
521 2073 551 2134 et
566 2066 717 2132 habendas
727 2066 797 2148 jure
811 2072 957 2151 perpetuo
969 2089 1024 2153 pro
1040 2067 1146 2151 viginti
1161 2069 1282 2140 marcis,

14 2155 21 2219 l
101 2182 133 2242 ut
149 2176 229 2240 idem
243 2195 343 2240 comes
359 2176 517 2242 hadislaus
530 2176 613 2251 dixit,
629 2196 684 2261 per
700 2175 827 2242 eundem
843 2174 933 2259 plene
948 2174 1058 2240 habitis
1075 2182 1106 2242 et
1128 2177 1281 2262 perceptis

100 2306 116 2348 a
145 2285 236 2348 Petro
265 2284 373 2350 comite
393 2290 558 2369 prenotato.
588 2286 660 2349 Item
684 2285 763 2349 idem
779 2304 882 2349 comes
898 2284 1056 2349 bolislaus
1072 2288 1230 2370 assumpsit
1246 2307 1281 2351 se
1387 2362 1389 2365 ¹

14 2387 20 2420 ‘l
100 2393 308 2479 expediturum
340 2394 470 2480 propriis
503 2392 656 2459 laboribus
699 2398 729 2458 ct
763 2395 903 2479 expensis
942 2398 1107 2479 protectum
1143 2395 1280 2460 comitem

18 2518 22 2536 ²
102 2503 228 2567 Petrum
255 2501 292 2566 eb
315 2503 410 2580 omni,
432 2522 490 2587 que
517 2507 622 2567 eontra
637 2503 733 2587 ipsum
750 2502 865 2568 ratione
881 2503 1026 2568 dictarum
1047 2508 1192 2568 terrarum
1209 2505 1282 2573 oriri

14 2591 18 2686 l
102 2612 305 2696 contingeret,
322 2611 448 2676 actione.
472 2595 505 2675 ln
521 2611 606 2693 cujus
627 2610 672 2674 rei
699 2611 910 2684 testimonium,
935 2617 1168 2699 perpetuamque
1188 2612 1283 2676 tirmi-

17 2726 21 2760 ²
103 2725 216 2793 tatem,
244 2719 476 2806 adpetitionem
503 2725 534 2783 ct
557 2721 725 2784 instantiam
742 2719 959 2804 predictorum,
982 2726 1138 2805 presentes
1155 2742 1281 2786 eonces-

16 2826 19 2900 l
100 2830 197 2893 simus
229 2828 332 2893 literas
359 2828 518 2894 munimine
550 2829 642 2904 nostri
670 2829 761 2912 sigilli
793 2828 960 2894 roboratos.
1001 2831 1106 2894 Datum
1138 2831 1280 2913 magistro

16 2923 20 2988 s'
103 2937 256 3004 Michaele
271 2939 435 3023 preposito,
452 2935 601 3020 Gregorio
618 2943 751 3013 cantore,
767 2937 857 3002 Paulo
874 2938 1008 3012 custode,
1029 2938 1147 3003 Andron
1168 2938 1282 3004 deceno

102 3046 239 3113 ecclesie
274 3052 375 3112 nostre
414 3045 622 3112 existentibus.
663 3048 745 3112 Anno
774 3046 885 3112 domini
912 3047 1070 3112 millesimo
1101 3046 1150 3112 CO
1176 3054 1282 3114 octua-

101 3157 221 3239 gesimo
237 3175 325 3220 nono.
1164 3158 1167 3162 ’

646 3342 738 3415 CLX.

503 3478 583 3544 icoo,
601 3477 627 3534 6.
646 3479 727 3534 Mira.
747 3479 880 3551 Zegled.

190 3588 252 3654 Nos
264 3588 431 3662 hadislaus,
445 3588 499 3653 Dei
515 3591 610 3671 gratia
628 3611 681 3656 rex
698 3590 860 3674 hungarie,
873 3593 1016 3657 memorie
1028 3592 1278 3668 commendantes,

98 3699 304 3784 significamus
321 3698 483 3764 universis:
501 3699 589 3782 Quod
604 3701 803 3766 consideratis
825 3700 1018 3767 fidelitatibus
1041 3708 1071 3767 et
1092 3703 1279 3767 servitiorum

97 3809 213 3876 meritis
237 3809 371 3894 magistri
409 3809 553 3893 Stephani
593 3816 623 3876 et
650 3811 752 3883 Pauli,
780 3810 908 3877 tiliorum
934 3811 1106 3884 Michaelis,
1137 3812 1279 3897 quasdam

130 4102 156 4166 1)
173 4103 251 4158 hlohs,
268 4103 363 4149 neutseh
379 4104 519 4150 biuhcnnort'
531 4105 561 4150 im
578 4105 743 4155 oberalbenscr
758 4108 841 4156 Gemit.

128 4185 155 4246 ²)
172 4185 356 4244 Schorpennort,
375 4184 545 4232 ehennaselhst.

14 4267 15 4286 ³
128 4265 154 4329 ³)
172 4267 281 4328 Seibnrg,
297 4265 328 4311 im
344 4279 426 4325 repser
442 4268 515 4314 Stuhl.
599 4286 603 4293 ·

14 4347 15 4372 l
129 4346 157 4408 ⁴)
173 4348 287 4407 Leblaug‚
304 4347 398 4394 chouna.

14 4439 15 4496 ξ
130 4426 155 4492 ⁶)
173 4430 303 4484 Behokten,
320 4429 349 4475 im
366 4430 481 4477 sohenher
497 4431 570 4478 Stuhl.

128 4509 153 4573 ὓ)
171 4509 318 4566 Unbckunnt,
335 4510 526 4559 wahrscheinlich
544 4513 744 4574 untergegangeu.

129 4590 156 4654 ⁷)
173 4593 302 4652 benenom,
319 4592 349 4640 im
366 4594 534 4656 schtsshurgcr
549 4595 622 4642 Stulni.
