3150 5092
1227 277 1277 350 87

74 451 292 540 Rbohnzd1),
311 457 340 518 et
356 451 421 516 aliis
439 453 628 537 pertinentiis
651 453 786 536 ejusdem
809 453 900 518 castri
918 456 1012 517 nosbi
1028 454 1067 517 de
1089 454 1193 518 Hunod
1215 455 1281 519 sine

72 582 171 626 mora
203 561 358 634 levandis,
387 561 423 630 od
448 581 502 628 nos
530 567 709 646 nostrosque
737 563 914 626 festinanter
937 583 994 646 per
1015 569 1116 647 partes
1139 562 1278 628 finitimas

12 722 14 727 ,
73 691 263 754 properare
281 670 405 744 debeas,
423 671 574 754 apparatis
591 669 709 736 bellicis
726 691 818 754 super
834 671 958 735 totidem
981 672 1077 756 corby
1085 671 1113 757 ²)
1126 672 1279 754 jugalibus

11 841 13 881 ἶ
76 779 253 853 vehendis,
272 786 303 844 et
318 779 396 844 bene
418 777 568 865 vasatist)
592 779 748 862 impositis.
773 777 887 843 Carens
903 785 1017 852 tamen,
1034 800 1072 845 ne
1093 781 1279 845 inimicorum

7 4236 9 4248 r

7 4251 9 4272 [

7 4387 9 4408 i

77 896 267 954 nostrorum
285 892 345 952 sint
361 886 468 972 spolia.
494 887 600 950 Datum
618 889 648 950 in
664 892 761 952 castro
775 887 1006 962 Feketenbolm,
1019 892 1150 955 secunda
1163 911 1279 974 oppug-

80 999 224 1062 nationis
242 997 340 1062 diert.
358 997 394 1060 D.
415 997 510 1060 1267.

588 1217 779 1290 LXXXVIII.

648 1375 728 1430 rasa.

180 1508 375 1593 Stephanus,
393 1506 449 1569 Dei
471 1507 587 1588 gratia,
604 1505 703 1569 iunior
718 1526 770 1570 rex
786 1506 958 1588 Hungarie,
985 1505 1043 1569 dux
1064 1506 1278 1571 Transilvanns

83 1619 229 1682 omnibus
246 1617 358 1681 nostris
376 1615 524 1686 fidelibus,
537 1621 710 1697 presentem
726 1617 866 1701 paginam
882 1615 1075 1697 inspecturis,
1099 1614 1226 1678 salutem
1247 1617 1277 1678 in

84 1729 223 1792 domino.
249 1727 337 1790 Licet
352 1725 436 1806 regia
452 1725 548 1808 pietas
572 1745 689 1789 manum
713 1724 880 1788 munificam
901 1724 1062 1807 porrigere
1085 1725 1196 1788 debeat
1214 1728 1280 1788 uni-

82 1837 207 1902 versis:
222 1836 292 1899 illos
308 1839 407 1897 tamen
424 1853 548 1916 quorum
572 1841 693 1918 experta
715 1834 850 1916 probitas
872 1833 990 1896 laudata
1014 1835 1107 1897 estin
1123 1836 1277 1918 prosperis

82 1953 118 2010 et
143 1945 298 2014 adversis,
329 1944 541 2028 principaliore
563 1943 656 2006 debet
678 1943 820 2028 prosequi
843 1962 965 2005 munere
993 1947 1023 2005 et
1043 1945 1146 2006 favore
1173 1944 1278 2008 otalii

85 2075 197 2118 eorum
212 2053 357 2136 exemplis
371 2054 494 2124 Invitati,
507 2053 542 2116 ad
552 2051 706 2115 fidelitatis
716 2071 805 2136 opera
819 2051 924 2115 fortius
933 2051 1142 2115 accendantur.
1150 2051 1279 2116 Proinde

85 2163 126 2226 ad
143 2163 353 2226 universorum
372 2162 506 2225 notitiam
526 2161 628 2224 harum
653 2161 733 2224 serie
758 2161 893 2226 volumus
909 2161 1083 2243 pervenire,
1106 2161 1184 2246 quod
1208 2163 1280 2226 iicet

89 2276 240 2355 magister
251 2271 406 2342 Andreas,
425 2270 538 2352 janitor
553 2275 676 2341 noster,
701 2269 778 2332 filins
794 2270 873 2343 lran,
893 2270 978 2333 nobis
1000 2270 1032 2332 in
1053 2289 1148 2351 regno
1165 2275 1278 2346 nostro,

87 2385 118 2446 in
134 2381 276 2466 pluribus
300 2379 554 2462 expeditionibus,
578 2380 697 2444 casibus
723 2386 754 2442 ct
779 2378 923 2451 fortunis,
948 2379 1086 2443 servierit
1102 2380 1232 2444 fideliter
1248 2387 1279 2444 et

88 2492 215 2567 devote,
233 2511 289 2554 nec
305 2488 396 2552 rebus
409 2487 513 2552 volens
529 2506 665 2571 parcere,
682 2508 738 2552 nec
754 2508 896 2572 persone,
914 2491 946 2550 et
961 2508 995 2551 ea
1013 2491 1146 2552 enarrari
1164 2510 1278 2574 neque-

86 2605 141 2664 ant
157 2621 216 2685 per
233 2599 349 2681 singula
368 2617 421 2663 suo
434 2596 538 2668 modo;
555 2596 681 2681 quedam
697 2603 797 2662 tamen
818 2598 847 2660 in
873 2597 1001 2660 medium
1021 2597 1223 2681 producimus,
1247 2603 1278 2662 et

84 2711 186 2774 inseri
202 2707 337 2772 volumus
353 2728 410 2790 per
425 2710 594 2790 presentes.
625 2703 699 2768 Cum
717 2725 824 2787 graves
842 2706 1071 2790 persecutiones
1087 2728 1143 2791 per
1158 2712 1277 2772 nostros

84 2822 243 2904 parentes,
262 2821 344 2882 extra
362 2816 498 2878 mentum
512 2819 641 2877 nostrum
658 2820 840 2897 pateremur,
853 2815 933 2878 idem
950 2815 1071 2886 affectu,
1092 2816 1276 2888 sinceritate,

85 2927 272 3010 obsequiosa
289 2924 428 2990 famulatu
444 2923 530 2987 nobis
549 2923 678 2986 reddidit
695 2943 728 2986 se
741 2923 816 2986 adeo
833 2923 982 2998 devotum,
1001 2925 1076 3009 qnod
1093 2945 1149 3008 pre
1166 2926 1277 2988 ceteris

85 3037 194 3100 mortis
211 3035 367 3100 eventibus
380 3055 414 3096 se
432 3033 609 3116 exponebat.
634 3031 671 3093 nt
694 3053 759 3095 cum
782 3034 951 3098 ladislaus
972 3034 1106 3117 vajwoda
1129 3038 1160 3097 et
1182 3032 1276 3118 Gyuia

86 3149 183 3211 trater
212 3146 346 3230 eiusdem
377 3143 531 3207 venissent
553 3163 618 3207 cum
642 3141 779 3206 Cumanis
803 3150 904 3206 contra
922 3164 986 3215 nos,
1003 3145 1038 3208 ad
1060 3146 1277 3229 partesTran-

86 3258 233 3327 silvanus,
262 3257 311 3340 qui
338 3259 446 3326 tamen,
469 3255 633 3337 inspirante
655 3252 752 3317 divina
767 3254 865 3335 gratia
882 3254 913 3317 in
928 3255 1026 3336 fugam
1044 3260 1112 3318 sunt
1128 3256 1276 3326 conversi,

87 3370 194 3430 contra
211 3367 404 3446 insurgentes
422 3363 506 3426 nobis
523 3384 587 3428 cum
606 3365 724 3428 fervore
741 3383 854 3426 summe
870 3361 1021 3428 fidelitatis
1045 3384 1126 3427 arma
1153 3363 1277 3447 pretulit

87 3474 220 3538 viriliter
242 3476 274 3536 et
295 3477 443 3556 potenter,
467 3493 500 3534 se
525 3472 623 3542 dubiis
649 3472 766 3536 fortune
791 3471 911 3534 casibus
939 3472 1123 3556 exponendo.
1148 3473 1186 3536 nt
1209 3493 1275 3536 cnm
1363 3502 1364 3507 ¹

8 3665 9 3668 Ἴ
87 3584 221 3647 claustra
244 3584 337 3646 castri
357 3581 554 3645 Fcbctcbolm
582 3578 770 3653 adiissemus‚
794 3579 1103 3675 derebiquentibus'et
1130 3581 1276 3646 deseren-

8 3679 9 3684 ἵ
85 3694 169 3758 tibus
197 3690 332 3776 pluribus
360 3689 521 3753 baronibus
549 3689 661 3753 nostris
690 3694 720 3752 et
746 3684 898 3761 militibu‘s,
920 3695 950 3753 ct
966 3691 1103 3755 omnibus
1125 3691 1273 3756 nobilibus

8 3837 9 3844 ξ
85 3802 177 3884 regni
194 3801 305 3874 nostri,
330 3805 399 3883 post
414 3819 472 3863 non
487 3818 578 3882 posse
594 3801 738 3862 resistere
755 3799 864 3862 nostris
887 3799 1141 3886 persequentibus
1162 3805 1193 3863 et
1214 3801 1273 3864 ini-

7 3897 8 3952 3
86 3911 186 3983 micis,
205 3911 271 3991 ipsc
288 3908 367 3972 nullo
383 3907 470 3970 modo
488 3928 541 3972 nos
558 3906 689 3993 reliquit,
705 3905 759 3982 sed
775 3907 874 3990 potius
892 3908 1039 3973 adherens
1062 3912 1163 3971 uestro
1186 3909 1272 3972 lateri

85 4020 117 4083 in
135 4020 204 4103 ipso
221 4022 331 4089 castro,
359 4019 390 4081 in
407 4018 559 4081 nocturnis
577 4020 607 4078 et
624 4015 736 4079 diurnis
753 4016 875 4098 vigitiis,
897 4023 928 4079 et
953 4019 983 4080 in
1007 4017 1072 4080 aliis
1094 4016 1194 4082 multis
1212 4025 1271 4080 tam

90 4228 405 4241 .....-.-..--—---.

120 4342 146 4402 1)
164 4337 256 4388 asson
272 4343 324 4387 sna.

8 4409 9 4462 i
120 4422 147 4483 ²)
165 4424 262 4482 wagan.

122 4503 148 4567 ³)
164 4505 207 4550 nit
222 4505 290 4551 Eisen
308 4504 374 4566 (ung.
392 4505 444 4565 vas)
461 4506 611 4565 besehtsgen.
