3150 5092
308 354 358 424 60

304 529 478 615 Popteleke
487 526 526 614 ¹),
538 529 695 593 Kadomat
702 527 742 614 ²),
759 529 915 616 Mamer),
932 530 1159 616 becacio-⁴),
1170 532 1346 595 interiorem
1364 535 1397 594 et
1408 550 1501 612 supe-

304 635 426 707 riorem,
436 641 466 699 et
477 635 699 723 villomlqulio,
705 637 791 718 juxta
804 638 925 702 fluvium
931 640 1174 723 Sajominorem,
1190 641 1285 721 inqua
1298 645 1347 701 est
1360 636 1494 701 ecclesia

305 741 340 804 B.
363 742 483 807 Andree
498 743 648 818 edificata,
666 745 695 807 in
713 746 854 809 comitatu
877 746 916 809 de
933 747 1063 812 Debebo
1079 748 1262 817 existentes,
1278 766 1346 810 cum
1363 744 1500 808 omnibus

260 856 264 866 '
306 851 484 914 utilitatibus
494 857 525 915 et
532 854 722 936 pertinentiis
733 854 896 918 earundem
906 854 1067 926 universis,
1076 853 1217 918 videlicet
1225 854 1315 916 terris
1323 851 1501 926 arabilibus,
1566 884 1568 949 l

305 960 445 1032 foenetis,
459 961 563 1044 sylvis,
579 962 685 1043 pratis,
702 963 797 1042 agris,
814 961 986 1026 nemoribus
999 967 1029 1024 et
1042 962 1139 1025 lluriis
1156 961 1193 1024 ad
1206 961 1328 1024 easdem
1344 961 1502 1043 pertinen·
1567 976 1568 1055 p

306 1067 402 1140 tibus,
425 1067 523 1130 eidem
540 1067 607 1132 Lab
625 1074 657 1132 et
674 1069 792 1134 Thema
807 1076 839 1132 et
857 1090 914 1152 per
929 1071 1014 1152 ipsos
1026 1069 1191 1132 heredibus
1207 1068 1416 1152 heredumque
1433 1087 1503 1129 suo-

305 1194 370 1237 rum
384 1175 612 1240 successoribus
625 1183 773 1261 perpetuo
785 1178 998 1261 possidendas.
1010 1176 1072 1240 Nos
1087 1177 1181 1258 igitur
1198 1176 1332 1239 uolentes
1346 1175 1503 1238 deservire
1567 1179 1569 1253 l

306 1282 474 1367 antiquitati
496 1291 527 1347 et
547 1287 759 1368 possessiones
775 1286 813 1350 ab
829 1304 885 1348 avo
901 1292 1005 1349 nostro
1021 1284 1146 1348 donatas
1162 1289 1193 1345 et
1209 1303 1374 1348 concessas
1391 1289 1424 1345 et
1440 1289 1500 1345 sta-
1567 1302 1569 1403 p

304 1390 449 1454 bililatem
465 1393 494 1454 iu
512 1392 592 1456 nullo
609 1395 796 1462 deminuere,
820 1401 853 1454 ut
869 1393 933 1454 veri
955 1397 1183 1455 antecessorum
1205 1397 1376 1456 nostrorum
1401 1391 1502 1453 imita·
1568 1410 1569 1487 p

304 1504 386 1562 tores
406 1499 601 1573 inveniamur,
626 1500 749 1564 easdem
772 1499 994 1572 confirmamus,
1019 1498 1252 1571 confirmationis
1275 1499 1387 1562 seriem
1405 1497 1500 1562 scribi
1568 1550 1570 1595 q

306 1608 467 1678 facientes,
491 1605 585 1689 sigilli
610 1610 704 1672 nostri
730 1607 892 1671 munimine
913 1606 1153 1671 corroboramus.
1185 1607 1293 1670 Datum
1314 1627 1372 1690 per
1393 1625 1499 1668 manus

304 1713 418 1776 lllatbie
455 1714 671 1795 Zagrabieusis
704 1717 868 1799 prepositi,
906 1715 975 1778 aule
1012 1720 1116 1778 nostre
1142 1715 1316 1779 cancellarii
1356 1714 1389 1776 iu
1422 1733 1499 1776 anno
1569 1713 1570 1795 l

306 1820 424 1885 Domini
437 1821 595 1886 MCCXXX
612 1871 620 1886 .
639 1871 646 1888 .
665 1870 673 1885 .
690 1823 719 1910 ⁶)
742 1825 822 1889 Pous
838 1824 1073 1895 tavernicorum,
1096 1822 1180 1886 Gabr
1196 1870 1204 1884 .
1222 1871 1229 1887 .
1249 1870 1257 1886 .
1280 1822 1500 1905 dapiferorum,

307 1930 405 1993 Pousa
437 1949 620 2011 agarenum,
653 1931 805 1997 Michaele
840 1931 896 1996 lilii
930 1930 1049 2015 Ompud
1080 1931 1292 2014 pincernarum
1327 1934 1501 1993 nostrorum

307 2039 459 2118 magistris
484 2038 681 2103 existentibus
712 2045 743 2102 et
767 2040 864 2123 Gyula
886 2039 949 2103 tilio
971 2038 1146 2102 beustacbii
1173 2038 1309 2103 woiroda
1337 2039 1498 2102 existente.

847 2224 958 2294 LVlll.

864 2361 945 2416 1235.

398 2468 565 2551 Gregorius
579 2475 638 2534 etc.
652 2468 818 2534 venerabili
831 2470 917 2534 fratri
929 2470 1079 2557 episcopo
1093 2470 1301 2534 Cumanorum
1316 2472 1377 2530 eto.
1396 2485 1499 2528 coram

307 2575 473 2639 venerabili
497 2579 591 2641 fratre
624 2584 726 2642 nostro
759 2580 903 2663 episcopo
931 2578 1174 2649 Preuestiuensi,
1202 2577 1272 2639 dum
1297 2577 1329 2638 in
1360 2572 1499 2658 partibus

306 2682 439 2766 Ungarie
463 2684 623 2768 legationis
648 2686 748 2749 allicio
765 2686 953 2767 fungeretur,
977 2684 1142 2749 venerabili
1163 2686 1257 2747 fratre
1273 2686 1378 2745 nustm
1395 2680 1500 2744 Ultra·

306 2789 422 2853 silvano
445 2793 590 2876 episcopo
614 2800 717 2857 contra
736 2841 765 2856 ..
792 2795 938 2857 decanum
957 2799 988 2855 et
1010 2793 1186 2856 sacerdotes
1211 2791 1250 2855 de
1271 2797 1352 2853 terra
1375 2792 1500 2854 Barcae
1572 2782 1573 2855 l

307 2899 477 2981 deponente
498 2920 589 2983 super
611 2901 785 2964 obedientia
814 2907 844 2964 et
868 2902 1039 2965 reverentia
1062 2900 1265 2984 questionem,
1289 2897 1326 2960 ad
1342 2917 1417 2981 quas
1440 2894 1499 2959 sibi
1572 2922 1573 2939 ,

308 3006 488 3088 prestandas
512 3028 564 3072 eos
589 3010 782 3072 condemnari
803 3008 926 3092 petebat
952 3008 1173 3091 possessorium
1195 3005 1378 3070 intendando
1395 3024 1431 3066 ac
1448 3005 1500 3066 lite

307 3114 462 3196 superbis
479 3135 579 3178 curam
594 3136 630 3179 eo
646 3119 779 3200 legitime
796 3121 980 3181 contestatur
997 3122 1028 3178 et
1042 3116 1176 3198 receptis
1192 3113 1322 3178 testibus
1339 3112 1411 3176 hinc
1428 3110 1500 3173 inde
1572 3124 1573 3195 ᾗ

307 3221 472 3304 productis,
489 3223 568 3286 idem
585 3223 704 3305 legatus
721 3230 877 3310 antequam
893 3225 1062 3307 imponerat
1076 3221 1166 3285 linem
1191 3223 1313 3304 negotio
1335 3221 1372 3283 ad
1397 3219 1501 3282 sedem

308 3329 501 3413 apostolicam
518 3336 567 3395 est
582 3351 734 3396 reversus.
762 3331 1013 3396 Procuratoribus
1036 3331 1128 3412 igitur
1146 3331 1274 3412 partium
1292 3334 1420 3413 propter
1441 3328 1501 3404 boc
1572 3342 1573 3391 l

308 3438 454 3501 innostra
470 3442 623 3521 presentia
642 3441 812 3504 constitutis
836 3441 964 3504 eundem
974 3431 1396 3501 Preuestineusem'dedimus
1413 3433 1501 3497 audi·

307 3548 473 3628 turemqui
490 3549 616 3630 partium
634 3547 800 3612 rationibus
816 3548 980 3610 intellectis
995 3552 1027 3610 et
1043 3546 1153 3610 auditis
1168 3564 1366 3628 quaecunque
1378 3541 1502 3606 voluere

309 3672 479 3736 proponere
497 3675 595 3718 eoram
612 3658 690 3740 ipso,
708 3657 860 3740 predictos
877 3655 1055 3718 sacerdotes
1072 3655 1169 3718 eidem
1187 3653 1331 3736 episcopo
1354 3650 1502 3734 adpetita

308 3778 364 3842 per
380 3761 554 3827 difinitivam
571 3764 748 3828 senteutiam
766 3763 986 3833 condemnavit,
1002 3762 1151 3844 prefatum
1168 3763 1325 3831 decanum,
1341 3760 1413 3842 quia
1429 3756 1502 3820 nibil
1572 3812 1573 3817 ,

309 3868 465 3949 probatum
494 3873 607 3935 exstitit
631 3876 735 3936 contra
758 3891 825 3934 oum
851 3871 888 3934 ab
912 3871 1099 3950 impetitione
1121 3870 1218 3952 ipsius
1243 3868 1381 3952 episcopi
1399 3865 1502 3930 absol-

309 3975 417 4039 vendo.
444 3979 578 4043 'landem
599 4000 672 4043 vero
689 3980 726 4044 T.
749 3978 961 4043 archidiacono
984 3978 1023 4040 de
1049 3977 1175 4041 Tilecde
1205 3981 1406 4060 procuratore
1430 3973 1502 4037 dieti

331 4217 355 4278 1)
373 4219 626 4277 Paptellreimllobolr.
641 4221 724 4267 comit.
758 4220 782 4280 ι)
795 4221 891 4276 Russus,
903 4220 960 4266 ibid.
993 4216 1019 4279 ³)
1030 4217 1117 4274 bichni,
1129 4218 1185 4264 ibid.
1218 4216 1244 4276 ⁴)
1256 4217 1381 4271 Devotam,
1392 4215 1451 4261 ibid.

330 4297 353 4358 6)
371 4300 414 4345 Die
429 4301 538 4347 Jahrmhl
554 4301 586 4346 ist
601 4303 667 4347 nieht
688 4302 838 4360 vollstiudig.
854 4301 897 4346 Die
916 4302 1027 4346 Urkunde
1044 4301 1077 4345 ist
1092 4300 1210 4345 arriseben
1230 4299 1291 4344 1235
1309 4298 1356 4342 und
1370 4297 1434 4342 1240
1450 4309 1502 4340 aaa

372 4383 477 4440 gestellt,
492 4381 553 4427 1235
562 4384 681 4428 eracheint
691 4383 788 4428 ldatluias
799 4395 881 4440 praep,
893 4381 991 4442 Zagrab.
1003 4383 1037 4426 als
1049 4381 1138 4440 konigl.
1151 4381 1253 4426 Kanzler
1263 4381 1311 4426 und
1321 4381 1384 4425 Pons
1395 4380 1432 4422 als
1443 4389 1501 4431 mag.

372 4465 461 4508 taveru.
475 4462 536 4522 (sej.
549 4464 585 4508 lv.
596 4465 618 4508 1.
630 4463 685 4521 27),
697 4465 727 4508 im
739 4464 809 4510 Febr.
822 4463 881 4508 1241
895 4462 926 4508 ist
936 4476 997 4522 mag.
1010 4463 1066 4519 Fylc
1077 4476 1157 4520 praep.
1170 4463 1268 4521 Zagrab,
1282 4459 1343 4520 (qu.
1358 4461 1395 4505 lv.
1410 4460 1432 4503 l.
1443 4454 1501 4512 coe)
1572 4516 1573 4523 ἵ

373 4544 420 4588 und
431 4544 503 4588 achon
515 4543 545 4588 im
557 4547 619 4591 Mbrz
632 4545 693 4590 124⁰
704 4559 765 4606 mag.
777 4547 907 4603 Stephanus
915 4557 996 4602 praep.
1008 4545 1079 4590 Titui.
1090 4543 1181 4604 ludnigl.
1193 4545 1301 4588 llanzler.
