3150 5092
1191 391 1264 463 177

16 553 18 598 ³
90 565 166 628 serie
185 564 384 639 declaramus,
400 563 477 647 quod
492 563 622 625 Thomas
639 561 718 626 lilius
739 565 821 628 Petri
836 564 982 648 quondam
1004 563 1041 626 de
1067 565 1180 631 Wardu
1194 587 1265 650 pre·

16 713 17 716 =
90 673 258 736 sentialiter
280 691 379 736 curam
402 670 488 735 uobis
510 672 720 756 comparendo,
744 671 890 757 quandam
911 678 1021 736 terram
1037 693 1119 737 suam
1141 676 1265 741 heredi·

15 853 16 876 1
88 783 207 859 taniam,
224 788 256 846 ut
272 779 377 844 eodem
390 779 541 844 referente
555 783 744 864 percepimus
760 781 824 846 xm
834 778 862 868 ¹)
879 781 1057 844 nominatam
1078 783 1156 847 inter
1167 783 1265 848 villam

15 881 16 896 ³
88 889 213 978 aanor),
232 895 262 954 et
277 888 374 953 villam
387 887 521 976 Zelres⁸)
539 890 713 952 existentem
730 895 760 953 et
771 889 959 972 adjacentem
973 911 1038 955 cum
1057 892 1190 957 omnihus
1207 896 1266 959 uti-

87 1001 222 1065 litatibus
239 1001 344 1063 suiset
360 998 545 1080 adjacentiis,
562 997 617 1063 sub
634 999 748 1064 eisdem
764 999 890 1084 antiquis
908 1001 1006 1072 metis,
1022 1000 1118 1082 siguis
1134 1023 1187 1066 seu
1202 1007 1265 1067 ter-

89 1111 190 1182 minis,
215 1109 321 1195 quibus
348 1129 412 1173 eam
436 1128 452 1170 a
474 1107 716 1194 progenitoribus
738 1108 802 1171 suis
829 1107 932 1172 habuit
959 1114 990 1172 et
1011 1109 1160 1194 possedit,
1184 1112 1267 1176 dedit

14 1201 16 1276 l
86 1218 221 1291 tradidit,
245 1224 276 1282 et
296 1215 532 1282 irrevocabiliter
552 1215 684 1280 vendidit
706 1218 808 1282 comiti
823 1215 940 1280 Danieli
963 1216 1024 1281 lilio
1046 1215 1121 1282 chel
1137 1220 1174 1284 de
1189 1219 1265 1284 Kel-

14 1401 16 1430 Ι
88 1327 144 1393 nulx
154 1324 186 1414 ⁴)
205 1333 235 1391 et
249 1347 305 1412 per
328 1345 395 1390 eum
409 1327 472 1390 suis
487 1324 661 1398 heredibus,
677 1325 882 1410 heredumque
897 1345 1017 1390 suorum
1033 1330 1262 1395 successoribus

86 1458 138 1523 pro
163 1436 271 1520 viginti
292 1436 411 1509 marcis,
432 1435 470 1499 ab
491 1433 596 1499 eodem
613 1435 723 1500 comite
739 1434 874 1507 Daniele,
899 1438 931 1498 ut
945 1434 1023 1499 idem
1039 1436 1169 1502 'ihomas
1181 1438 1265 1513 dixit,

14 1611 15 1614 ,
86 1566 141 1631 per
156 1545 286 1609 eundem
299 1543 387 1629 plene
402 1543 521 1616 habitis,
534 1561 570 1606 ac
584 1545 747 1628 perceptis,
760 1543 831 1625 jure
842 1547 988 1627 perpetuo
1001 1545 1221 1627 possidendam,
1235 1554 1265 1612 et

13 1645 15 1686 ³
86 1654 263 1719 habendam.
286 1653 319 1716 ln
340 1655 423 1718 cuius
450 1654 493 1716 rei
524 1653 732 1725 testimonium,
760 1656 993 1739 perpetuamque
1020 1652 1197 1730 firmitatem,
1227 1657 1265 1720 ad

13 1755 15 1792 s
85 1764 261 1849 petitionem
282 1767 313 1826 et
338 1763 508 1826 instantiam
529 1760 731 1844 predictorum
757 1766 916 1846 presentes
940 1763 1143 1828 concessimus
1159 1764 1262 1830 literas

86 1873 246 1938 munimine
269 1871 363 1936 nostri
385 1871 477 1954 sigilli
504 1867 667 1935 roboratas.
693 1871 800 1936 Datum
817 1869 961 1952 magistro
983 1871 1131 1938 Michaele
1152 1895 1263 1959 prepo-

85 1985 151 2056 sito,
177 1983 327 2066 Gregorio
350 1985 484 2052 cantore,
509 1979 599 2044 Paulo
623 1981 750 2045 custode
768 1977 860 2044 Saulo
879 1980 993 2045 decano
1016 1979 1147 2047 ecclesie
1162 1989 1265 2049 nostre

12 2084 18 2131 ‘³
88 2090 295 2158 existentibus.
312 2091 346 2154 Α.
364 2087 401 2153 D.
418 2087 571 2154 lthCXCl.

604 2273 752 2346 CLXXX.

638 2411 716 2467 naor.

15 2599 16 2602 Ἴ
176 2526 344 2611 Capitulum
360 2524 492 2588 ecclesie
515 2522 595 2587 beati
611 2522 768 2587 Michaelis
790 2523 941 2606 arcangeli
957 2526 1181 2599 Traussiluane,
1197 2529 1264 2592 vni·

15 2625 16 2686 Ῐ
87 2638 185 2702 uersis
215 2635 326 2700 Christi
354 2632 508 2705 fidelibus,
543 2638 601 2696 tam
626 2633 833 2716 presentibus,
870 2652 956 2718 quam
982 2635 1107 2708 futuris,
1139 2656 1266 2720 presens

14 2756 20 2818 t
86 2748 230 2829 scriptum
247 2744 441 2830 inspecturis,
458 2740 583 2805 salutem
599 2740 629 2803 in
641 2740 744 2805 salutis
761 2740 915 2822 lragitore.
928 2741 1139 2807 Vniuersorum
1155 2745 1266 2808 noticie

11 2826 18 2876 '³
82 2853 187 2918 harum
211 2854 288 2918 serie
309 2851 503 2917 declaramus.
529 2848 614 2930 Quod
634 2849 774 2913 Nicotaus
795 2848 913 2933 iobagio
940 2852 1031 2915 castri
1048 2851 1085 2915 de
1103 2853 1185 2925 Ulca,
1209 2871 1264 2936 pro

11 2959 18 3002 ἶ·
82 2983 128 3036 se,
145 2970 177 3028 et
200 2962 315 3027 dohane
331 2960 391 3024 filio
408 2979 461 3022 suo
477 2957 675 3042 personaliter
697 2978 797 3023 coram
813 2959 899 3022 nobis
923 2958 1133 3043 comparendo,
1152 2966 1262 3024 terram

11 3052 1264 3147 lmmwmmmwmmmwm

82 3180 189 3264 gultis,
206 3179 386 3252 nemoribus,
403 3179 496 3264 pratis
518 3183 548 3240 et
565 3178 683 3252 tenetis,
700 3177 836 3242 omnibus
856 3177 997 3243 videlicet
1012 3178 1186 3243 utilitatibus
1202 3179 1265 3243 suis

11 3321 16 3331 2
82 3295 114 3355 ct
129 3290 331 3374 pertinentijs,
347 3288 402 3353 sub
419 3288 552 3352 eiusdem
569 3287 698 3370 antiquis
710 3288 809 3360 metis,
824 3287 928 3370 signis,
942 3309 995 3353 seu
1010 3289 1145 3354 terminis
1157 3288 1264 3373 quibus

83 3421 150 3465 eam
168 3399 249 3464 idem
263 3397 404 3463 Nicolaus
420 3397 523 3461 habuit
538 3402 568 3460 et
579 3395 715 3480 possedit
729 3405 788 3460 tam
805 3401 938 3481 exparte
953 3418 1007 3461 sua
1022 3416 1108 3481 quam
1132 3403 1264 3482 exparte

83 3510 158 3574 dicti
187 3508 239 3572 filii
260 3508 317 3580 sui,
345 3505 437 3580 dedit,
459 3504 593 3583 tradidit,
622 3511 652 3569 et
672 3504 910 3570 irreuocabiliter
931 3504 1074 3578 vendidit,
1100 3505 1265 3571 venerabili

10 3608 12 3648 'l
83 3619 164 3702 patri
188 3616 306 3680 dominu
323 3614 356 3679 P.
374 3613 527 3699 episcopo,
552 3612 668 3697 prelato
684 3618 797 3685 nostro,
822 3617 852 3676 et
867 3632 922 3696 per
938 3631 1003 3677 eum
1030 3613 1264 3687 successoribus,

11 3756 13 3787 r
85 3727 279 3812 coepiscopis
302 3724 375 3797 suis,
404 3723 590 3808 episcopatui
617 3722 732 3787 scilicet
752 3721 975 3794 Transsiluano,
997 3721 1206 3806 possidendam
1235 3727 1265 3785 et

82 3834 251 3901 habendam
266 3835 331 3898 iure
347 3837 493 3917 perpetuo
510 3853 565 3917 pro
581 3832 687 3916 viginti
706 3831 813 3895 marcis
830 3851 885 3915 per
911 3829 1036 3894 eundem
1053 3830 1217 3905 Nicolaum,
1235 3837 1266 3895 et

83 3951 116 4010 ut
132 3946 199 4031 ipso
212 3944 363 4008 referente
379 3941 578 4027 percepimus,
594 3961 647 4028 per
662 3946 856 4004 memoratum
873 3939 1038 4003 ,Iohannem
1061 3940 1153 4005 lilium
1169 3961 1263 4014 suum,

82 4054 198 4120 adicto
217 4054 334 4120 domino
357 4053 499 4137 episcopo
529 4050 619 4136 plene
647 4050 756 4116 habitis
780 4054 811 4114 et
834 4051 998 4134 perceptis.
1023 4051 1094 4114 ltem
1111 4051 1265 4136 predictus

83 4165 227 4231 Nicolaus
252 4163 396 4247 obligauit
411 4183 456 4237 se,
479 4166 510 4226 et
531 4160 622 4226 filium
643 4181 728 4225 suum
745 4166 942 4245 prenotatam,
964 4159 1155 4244 expedituros
1170 4161 1264 4246 ipsius

116 4365 141 4426 ¹)
158 4367 206 4412 llut
221 4365 279 4411 oder
293 4365 402 4410 Kutlalra
418 4363 448 4408 im
465 4360 579 4407 uuteralb.
596 4361 678 4407 Comit.

11 4467 12 4472 ¹
115 4446 143 4509 ²)
160 4447 269 4502 Reichau,
285 4448 346 4492 wall.
363 4446 427 4490 lleho
444 4444 474 4489 im
490 4443 639 4490 muihlbacher
654 4441 729 4489 staur.

11 4522 12 4596 f
116 4527 141 4590 θ)
159 4525 255 4584 Sadkria,
272 4530 302 4575 im
319 4526 432 4575 unteralb.
450 4525 534 4572 comit.

11 4643 12 4656 ,
115 4610 141 4673 ⁴)
159 4612 261 4673 llelling,
277 4613 308 4656 im
326 4610 474 4658 muihlbachar
489 4609 563 4656 Stuhl.

114 4697 208 4742 sones.
221 4695 288 4741 nutu.
302 4695 435 4740 naam.
