3150 5092
1193 377 1266 450 153

90 555 169 624 dieti
184 555 307 629 tributi,
335 555 389 622 sub
420 555 624 622 obtestacioue
651 554 743 620 diuini
760 552 869 636 judicii
892 559 981 640 atque
996 554 1200 637 indignatione
1216 553 1274 618 Dei

90 666 307 750 omnipotentis
325 664 433 730 audeat
448 683 502 728 seu
518 669 709 749 presummat,
726 665 809 747 ipsos
827 664 936 728 tratres
960 664 1121 729 canonicos
1144 662 1276 727 cultores

11 785 12 846 ἶ
90 775 190 840 diuini
217 775 343 842 nominis
370 774 430 842 ullo
457 793 592 860 umquam
618 783 753 857 ternpore
773 772 961 858 perturbare,
985 776 1075 856 atque
1098 773 1128 835 in
1158 771 1276 834 irritum

90 906 252 952 reuocare.
276 885 316 948 llt
342 904 408 950 cum
436 883 524 948 iidem
552 883 687 948 canonici
709 903 745 946 ex
766 887 891 966 utraque
913 889 997 966 parte
1012 879 1129 944 Morisii
1149 900 1275 964 posses·

11 989 12 1018 ³
91 996 198 1058 siones
221 993 364 1066 habeant,
392 1014 446 1060 seu
470 998 642 1077 prouentus,
665 993 693 1054 in
716 995 809 1076 ponte
823 990 927 1074 Vyncb
943 989 1080 1053 interiori
1095 990 1205 1054 nullum
1221 989 1276 1052 tri·

91 1101 211 1174 buturo,
228 1102 372 1168 derebus
388 1100 560 1174 eorundem,
578 1121 631 1165 seu
647 1101 774 1173 illorum,
787 1098 838 1183 qui
853 1099 882 1162 iu
898 1098 991 1163 curiis
1006 1098 1169 1164 eomudem
1186 1117 1277 1163 cano·

11 1248 12 1286 r
91 1212 233 1280 nieorum
251 1210 393 1284 resident,
412 1209 495 1284 dare,
510 1216 542 1274 et
556 1209 729 1294 persolvere
745 1213 911 1273 teneantur.
936 1208 968 1270 lu
991 1207 1076 1287 cujus
1097 1208 1142 1273 rei
1163 1227 1277 1272 memo-

11 1325 12 1337 *
93 1321 174 1384 riam
190 1318 420 1404 firmitatemque
436 1323 610 1403 perpetuam
622 1322 778 1402 presentes
791 1317 996 1383 concessimus
1007 1316 1137 1390 litteras,
1150 1316 1277 1401 duplicis

11 1418 12 1436 ¹
94 1428 192 1511 sigilli
211 1427 305 1492 nostri
321 1428 481 1492 munimine
497 1427 664 1492 roboratas.
681 1427 787 1491 Datum
810 1447 864 1512 per
879 1445 981 1489 manus
994 1445 1063 1490 ren.
1085 1425 1178 1511 patris
1197 1423 1277 1489 Gre-

11 1552 12 1618 j
95 1537 179 1619 gorii
199 1537 256 1601 Dei
276 1537 374 1620 gratia
399 1537 534 1621 episcopi
552 1533 767 1600 Chauadieusis
786 1534 889 1599 dilecti
907 1539 938 1597 et
956 1533 1052 1599 tidelis
1069 1536 1173 1600 nostri.
1199 1534 1282 1600 huno

98 1646 157 1709 alr.
176 1644 249 1710 00⁰.
268 1646 471 1727 octuagesimo
487 1664 575 1710 nono.
598 1644 693 1728 Regni
709 1649 806 1710 autern
824 1644 917 1708 nostri
932 1663 1009 1707 anno
1025 1642 1141 1709 decimo
1165 1650 1280 1709 octavo.

628 1830 750 1902 CLVII.

654 1967 732 2026 rasa.

11 2153 12 2164 p
197 2079 358 2144 Ladislaus
370 2079 426 2144 Dei
437 2079 550 2163 gracia,
562 2079 723 2161 Huugarie‚
735 2077 896 2151 balmerio,
908 2078 1044 2150 Croacie,
1056 2077 1157 2156 Rome,
1165 2080 1282 2158 Serme,

99 2188 241 2262 Gallicis,
264 2189 450 2262 hodomerie,
478 2188 628 2258 Comanis,
653 2187 851 2273 Bulgarieque
874 2208 929 2253 rex
938 2187 976 2275 ¹).
1002 2187 1145 2254 Omnibus
1168 2189 1279 2257 Christi

11 2341 12 2346 κ
99 2296 242 2372 fidelibus
258 2303 316 2362 tam
331 2297 532 2382 presentibus,
549 2315 635 2382 quarn
652 2294 770 2370 suturis,
787 2316 914 2382 presens
926 2297 1071 2382 scriptum
1086 2298 1278 2382 inspecturis,

11 2451 12 2486 3
100 2407 230 2470 salutern
257 2407 286 2469 in
309 2406 411 2472 salutis
440 2407 593 2489 largitore.
629 2405 674 2470 hd
696 2407 901 2470 uniuersorum
923 2407 1061 2472 noticiam
1078 2407 1180 2472 harum
1197 2411 1275 2474 serie

102 2515 243 2580 rolurnus
270 2516 445 2599 peruenire,
472 2514 551 2599 quod
579 2515 714 2579 canonici
742 2513 874 2579 ecclesie
894 2513 975 2579 beati
997 2515 1153 2582 Michaelis
1175 2516 1281 2584 hathe-

11 2695 12 2698 ,
99 2623 206 2697 (halis,
223 2623 260 2688 de
277 2624 350 2688 hlba
361 2623 585 2688 Traussiluauie
597 2622 634 2687 ed
650 2627 780 2686 nostram
798 2625 976 2688 accedentes
993 2625 1190 2708 presenciam,
1198 2627 1278 2692 euhi-

98 2732 230 2819 buerunt
249 2733 344 2804 nobis,
371 2737 509 2816 patentes
524 2731 653 2804 litteras,
672 2731 781 2795 domini
798 2732 942 2817 Stephani
958 2735 1052 2817 regis,
1075 2735 1169 2820 patris
1185 2736 1280 2800 nostri

11 2839 12 2932 j
98 2839 263 2911 karissimi,
279 2840 378 2905 felicis
393 2840 627 2912 recordacionis,
643 2845 781 2925 petentes
794 2842 915 2906 easdem
931 2842 1117 2916 confirmare,
1126 2845 1156 2908 iu
1172 2844 1279 2927 quibus

11 2971 12 3040 3
63 3029 65 3034 Ι
98 2949 135 3013 ad
158 2949 279 3032 plenum
293 2949 419 3015 uidimus
433 2948 589 3023 contineri,
604 2954 637 3014 ut
653 2949 767 3014 eisdem
785 2951 938 3016 canonicis
950 2951 1026 3018 hanc
1038 2955 1170 3036 graciam
1187 2954 1282 3018 duxe-

11 3057 12 3064 ’
101 3056 143 3122 rit
159 3058 321 3142 specialem
337 3057 513 3130 taciendam,
530 3062 561 3123 rt
575 3079 666 3144 super
683 3060 838 3123 uniuersos
854 3060 981 3144 populos
1004 3061 1166 3126 eorundem
1182 3063 1279 3126 nullus

103 3165 271 3260 wopauoda
280 3167 510 3230 Transsiluanus
522 3166 701 3232 descensum
714 3167 816 3231 iecere
828 3174 940 3253 posset,
954 3177 1004 3234 aut
1015 3169 1142 3255 populos
1154 3171 1285 3256 ipsorum

101 3277 132 3352 iu
149 3273 282 3360 qualibet
298 3295 399 3348 causa,
414 3281 473 3340 tam
489 3296 543 3359 per
559 3297 593 3341 se
609 3296 696 3360 quam
712 3295 782 3339 suos
800 3276 945 3341 otliciales
957 3277 1101 3352 iudicare,
1118 3278 1172 3343 sed
1189 3283 1284 3344 omni-

101 3383 160 3460 bus
176 3421 220 3431 -
236 3383 354 3467 populis
371 3403 474 3460 eorum
485 3383 719 3469 querelantibus,
739 3384 832 3468 judex
847 3387 989 3469 ipsorum,
1012 3392 1062 3451 aut
1082 3387 1172 3471 ijdem
1194 3411 1284 3456 cano-

102 3492 176 3566 nici,
194 3493 296 3557 lacere
304 3493 458 3577 justiciam
473 3497 655 3557 tenerentur.
680 3492 742 3557 Nos
765 3495 865 3578 itaque
884 3493 998 3559 litteras
1016 3496 1167 3580 predictas
1188 3499 1283 3583 ipsius

104 3602 201 3686 patris
218 3603 313 3666 nostri
330 3601 478 3666 karissimi
493 3607 572 3666 ratas
588 3603 733 3666 habentes
750 3606 781 3667 et
796 3607 948 3688 acceptas,
966 3623 1001 3669 ac
1024 3605 1153 3687 gratiam
1168 3609 1286 3691 specia-

106 3710 176 3784 lem,
204 3730 260 3795 per
287 3710 431 3782 eundern,
455 3711 528 3794 ipsis
560 3711 712 3775 canonicis
738 3712 883 3776 iaciamus
905 3711 1041 3777 volentes
1067 3713 1285 3787 immutabiliter

106 3817 281 3892 obseruare,
299 3819 484 3903 eandemque
500 3819 659 3884 ecclesiam
676 3818 816 3902 amplecti
832 3820 1010 3905 specialiora
1032 3843 1133 3888 amore
1159 3825 1285 3897 etdile·

106 3928 217 4000 ctione.
231 3947 357 3993 necnon
373 3926 546 4012 petitionem
564 3927 725 3992 eorundem
743 3928 956 3992 admittere-
969 3950 1035 3994 cunr
1050 3931 1081 3995 fa
1097 3969 1141 3980 -
1156 3954 1284 3999 conces·

104 4037 210 4108 simus,
230 4040 320 4122 atque
336 4035 525 4120 presentibus
542 4036 802 4101 irretractabiliter
817 4058 872 4121 per
888 4039 1053 4125 quempiam
1075 4061 1285 4109 successorum

104 4151 276 4210 nostrorum
292 4141 490 4217 obseruando,
508 4145 724 4210 confirmamus.
742 4146 932 4228 Iniungentes
948 4147 1073 4213 firmiter
1089 4154 1120 4214 et
1137 4151 1286 4228 districte,

106 4253 188 4341 quod
214 4252 312 4318 nullus
339 4251 492 4318 woiavoda
522 4252 735 4320 Transiluanus
768 4275 823 4340 pro
850 4260 994 4340 tempore·
1012 4257 1206 4332 constitutus,
1236 4270 1288 4328 aut

129 4559 153 4620 ¹)
171 4558 214 4606 Die
230 4559 474 4620 hutnugsbuchstaben
490 4573 526 4606 arn
536 4559 623 4608 Numen
645 4561 686 4607 des
698 4560 787 4620 Kdnigs
802 4563 849 4608 und
865 4563 908 4608 der
923 4560 1043 4608 einzelnen
1053 4561 1145 4608 Linder
1160 4561 1239 4608 iehlen
1256 4559 1285 4607 im

172 4641 284 4704 original.
301 4643 332 4688 lle
348 4641 379 4689 ist
390 4669 420 4678 -
431 4643 470 4689 iiir
485 4645 590 4702 spiteres
606 4645 680 4690 ldalen
697 4644 820 4690 derselhcn
836 4669 867 4680 -
882 4645 952 4691 llaunr
967 4645 1083 4707 gelassen.
