3150 5092
864 571 944 644 CXI.

772 707 852 768 raro,
866 708 891 763 o.
904 707 1019 777 nossa

391 815 566 887 Ladislans,
580 817 637 880 Dei
652 818 748 896 gratia
766 818 936 900 ilungarie,
953 818 1118 891 Dalmatia,
1140 818 1278 891 croatie,
1295 820 1404 892 Rama,
1420 821 1498 883 Ser-

301 924 360 996 uie,
378 922 519 994 Gallicie,
538 923 727 997 Lodomerie,
745 924 949 1011 Cumanieque
964 947 1028 998 rex,
1045 927 1194 990 uniuersis
1213 925 1328 990 Christi
1346 927 1499 1000 fidelibus,

300 1033 486 1115 presentium
503 1033 638 1096 notitiam
660 1031 818 1103 habituris,
843 1035 969 1098 salutern
988 1035 1018 1097 in
1039 1034 1158 1098 domino
1180 1036 1407 1118 sempiternam.
1433 1036 1499 1117 Que
1567 1073 1569 1130 ἔ

300 1141 348 1223 pia
362 1141 587 1224 progenitorum
604 1147 793 1216 nostrorum,
820 1161 926 1222 regum
955 1142 1107 1222 llungaric
1128 1143 1250 1224 largitio
1272 1163 1362 1206 sacro
1385 1145 1498 1207 sanctis
1567 1161 1569 1166 ·

299 1247 458 1318 ecclesiis,
491 1268 527 1310 ex
559 1247 705 1328 religiose
732 1252 841 1312 mentis
868 1249 1052 1330 fragrantia,
1084 1256 1145 1313 tarn
1177 1256 1352 1314 eternorum
1382 1252 1497 1334 premi·
1567 1333 1569 1336 Α

298 1375 382 1420 orum
408 1356 549 1430 obtentu,
582 1375 669 1440 quam
696 1357 727 1418 in
755 1357 1069 1439 recompensationem
1090 1358 1197 1421 eximie
1221 1345 1400 1432 fidelitatis,
1425 1380 1498 1442 per·

299 1469 389 1546 petuo
420 1463 547 1528 raliture
575 1463 745 1527 donationis
768 1464 871 1537 titulo,
901 1466 1037 1528 noscitur
1064 1466 1247 1539 contulisse,
1271 1485 1308 1529 eo
1334 1467 1453 1529 firmins
1480 1489 1499 1528 a

299 1571 385 1635 nobis
402 1573 544 1636 conuenit
559 1572 716 1644 custodiri,
733 1592 793 1655 quo
810 1572 924 1636 certius
941 1573 1180 1644 consideramus,
1198 1568 1335 1656 regn'nrn,
1359 1574 1498 1648 thronos,

298 1679 427 1744 validius
453 1680 639 1743 orationibus
663 1680 885 1744 ecclesiasticis
910 1681 1054 1751 stabiliri,
1082 1701 1168 1764 qnam
1193 1681 1354 1744 sudoribus
1374 1681 1498 1745 bellicis
1567 1745 1569 1754 ,

297 1788 462 1852 sublimari.
493 1785 530 1850 ut
557 1790 584 1852 si
615 1789 646 1850 id
668 1788 854 1872 generaliter
886 1789 926 1851 sit
954 1790 1193 1862 obseruandum,
1226 1791 1258 1852 in
1280 1791 1498 1854 donationibus

296 1897 386 1960 sactis
404 1897 546 1959 ecclesiis
569 1897 726 1967 universis,
750 1896 927 1979 specialiter
949 1904 1050 1960 tamen
1070 1897 1101 1958 in
1120 1897 1169 1960 his
1187 1897 1405 1961 inuiolabiliter
1422 1918 1497 1962 con·
1567 1935 1569 1986 i

297 2003 475 2075 seruandis,
507 2023 565 2088 que
586 2002 791 2084 strigoniensi
820 2002 953 2066 ecclesie
981 2003 1018 2066 ab
1046 2003 1120 2084 ipsis
1149 2003 1398 2086 progenitoribus
1427 2011 1500 2069 sunt
1567 2025 1569 2092 ς

297 2111 416 2183 collata,
435 2112 597 2195 peculiaris
610 2111 781 2178 sollicitudo
799 2112 910 2174 insidet
926 2113 1017 2175 menti
1035 2118 1149 2184 nostre,
1163 2134 1229 2176 cum
1247 2113 1284 2175 ab
1295 2116 1362 2196 ipsa
1379 2122 1413 2178 et
1429 2115 1499 2196 ejus
1567 2139 1569 2212 Ξ

296 2222 429 2304 presule,
457 2227 645 2283 sacramenta
674 2221 881 2283 ecclesiastica
911 2225 943 2283 et
958 2219 1129 2284 motionem
1145 2221 1260 2301 regiam
1277 2240 1345 2284 cum
1367 2222 1499 2305 imposi-

295 2328 378 2390 tione
408 2328 603 2400 diadematis,
637 2331 668 2391 et
698 2329 911 2411 progenitores
945 2330 1040 2391 nostri
1063 2335 1094 2391 et
1115 2348 1170 2392 nos
1193 2331 1422 2413 receperimus,
1463 2337 1500 2394 et

294 2455 491 2499 successores
519 2437 614 2499 nostri
646 2437 675 2498 in
708 2443 863 2520 posterum
901 2435 1032 2498 debeant
1066 2438 1207 2519 recipere
1239 2437 1365 2501 Domino
1397 2459 1499 2500 annu-

295 2550 376 2606 ente.
407 2542 481 2606 Hinc
512 2547 573 2614 est,
607 2542 687 2626 quod
712 2542 817 2606 dilecti
845 2544 932 2606 nobis
956 2544 1130 2626 prepositus
1152 2548 1184 2606 et
1206 2545 1380 2630 capitulum
1404 2546 1498 2609 Stra·-

290 2651 456 2736 9onicnse,
488 2629 681 2733 presentibus
710 2657 741 2712 et
763 2649 965 2712 assidentibus
994 2649 1080 2711 nobis
1108 2649 1235 2731 prelatis
1270 2654 1301 2713 et
1325 2650 1496 2714 baronibus

296 2866 465 2948 llnngade,
496 2865 615 2929 Andree
636 2864 780 2929 videlicet
803 2867 909 2946 proani
930 2870 961 2928 et
979 2866 1052 2928 bele
1068 2864 1106 2926 lV
1123 2867 1171 2928 aui
1191 2871 1378 2935 nostrorum,
1395 2886 1501 2949 super
1567 2905 1569 2922 ÷

294 2972 455 3036 donatione
471 2978 570 3044 terre,
588 2994 643 3037 seu
660 2973 866 3056 possessionis
890 2972 996 3037 ll'incb
1012 2976 1119 3035 vocate
1135 2973 1165 3034 in
1190 2973 1328 3055 partibus
1344 2974 1496 3036 ’111111111-
1567 2973 1569 3064 ᾗ

294 3084 379 3145 uanis
396 3082 563 3152 existentis,
582 3081 661 3166 quod
674 3102 741 3151 nos,
759 3081 828 3166 quia
846 3081 1014 3143 inuenimus
1030 3080 1059 3140 in
1076 3080 1173 3163 prima
1183 3079 1279 3162 ligura
1295 3101 1353 3144 non
1369 3083 1498 3156 viciata,

184 3235 193 3260 ,
295 3210 353 3252 non
375 3189 550 3261 cancellata,
574 3210 630 3252 neo
653 3190 683 3252 in
709 3189 805 3273 aliqua
834 3188 881 3250 sui
906 3193 992 3271 parte
1009 3181 1130 3260 abolita,
1149 3187 1187 3250 de
1204 3188 1339 3271 ipsorum
1355 3189 1499 3272 prelato·

293 3316 358 3359 rum
376 3302 406 3360 et
422 3296 565 3361 baronum
584 3296 710 3360 consilio
728 3302 758 3360 et
774 3296 1008 3380 approbatione,
1025 3296 1113 3378 regie
1135 3296 1369 3360 confirmationis
1390 3299 1496 3360 muni·
1567 3289 1569 3370 ζ

293 3405 372 3468 mine
388 3407 525 3469 duximus
542 3406 578 3468 ad
596 3410 773 3490 perpetuam
791 3406 837 3467 rei
853 3406 1026 3468 memoriam
1052 3403 1241 3475 roboranda;
1266 3413 1297 3469 et
1320 3409 1388 3488 qnia
1404 3415 1495 3471 certa
1567 3387 1569 3398 Ι

294 3513 468 3596 privilegia,
496 3533 555 3598 que
583 3533 675 3596 snper
706 3515 771 3597 ipsa
796 3513 958 3576 donatione
980 3533 1129 3577 concessa
1155 3533 1212 3595 per
1243 3534 1331 3576 anum
1355 3520 1495 3578 nostrum

294 3622 445 3703 posterius
463 3629 645 3694 emanarant,
663 3623 810 3700 originem
827 3620 996 3683 babuerunt
1012 3641 1029 3683 a
1044 3621 1213 3704 priuilegiis
1230 3620 1362 3704 predicti
1383 3625 1493 3704 proani

295 3729 387 3791 nostri
405 3749 497 3811 super
513 3730 578 3812 ipsa
596 3729 756 3793 donatione
773 3730 921 3793 confectis
938 3735 969 3793 et
994 3728 1178 3813 approbatis,
1202 3749 1258 3812 per
1280 3730 1379 3812 ipsum
1401 3751 1492 3794 annm

294 3841 446 3908 nostrum,
463 3841 494 3900 et
510 3835 639 3900 barones
657 3857 746 3912 suos,
770 3837 806 3900 ad
822 3837 1010 3900 reuocandas
1027 3838 1147 3920 ineptas
1164 3837 1341 3900 donationes
1358 3837 1491 3922 deputa·
1567 3917 1569 3920 Α

292 3945 356 4014 tos,
384 3944 449 4024 ipsa
474 3943 632 4026 privilegia
649 3943 768 4007 Andree
792 3945 875 4025 regis
900 3942 938 4005 de
961 3943 1055 4007 verbo
1077 3944 1274 4014 adverbum,
1292 3945 1488 4028 presentibus

293 4051 385 4113 inseri
397 4049 533 4113 duximus
546 4056 577 4113 et
589 4051 724 4121 annecti;
742 4071 868 4135 quorum
879 4056 968 4114 tenor
979 4051 1049 4114 talis
1062 4057 1125 4114 est:
1141 4052 1192 4137 (S.
1207 4050 1352 4115 Urlrnnde
1361 4053 1394 4115 Z.
1405 4053 1489 4138 XV).

292 4158 364 4220 ltem
374 4162 461 4220 tenor
476 4158 600 4222 alterius
610 4159 762 4242 privilegii
770 4160 981 4241 Andreeregis
994 4161 1063 4223 talis
1073 4166 1137 4223 est:
1152 4159 1203 4243 (S.
1213 4158 1486 4246 UrluudeXLVl).

292 4265 355 4328 Nos
378 4268 472 4346 igitur
492 4269 641 4349 premissa
665 4269 826 4351 privilegia
848 4268 929 4331 lecta
950 4272 982 4330 et
1002 4269 1141 4350 inspecta
1167 4288 1267 4332 coram
1285 4269 1389 4340 nobis,
1413 4290 1488 4352 pre-

293 4374 429 4437 sentibus
451 4373 576 4458 prelatis
599 4382 630 4440 et
650 4376 813 4440 baronibus
832 4377 921 4458 regni
943 4378 1057 4448 nostri,
1090 4377 1188 4439 ethis
1211 4376 1337 4459 scriptis
1363 4379 1488 4451 inserta,

294 4483 458 4545 communis
490 4483 608 4546 consilii
641 4483 874 4567 approbatione,
907 4505 944 4548 ex
978 4490 1062 4548 certa
1094 4485 1239 4555 scientia,
1269 4483 1488 4559 confirmamus,
