3150 5092
261 295 313 368 38

256 470 302 532 eis
324 472 440 534 taciens
471 471 589 551 integre
606 473 704 533 omnia
726 470 805 534 bona
830 491 893 543 sua,
917 469 1086 554 dictamque
1116 474 1230 533 terram
1260 470 1306 532 eis
1330 466 1465 552 pacifice

258 595 293 640 ac
309 578 410 661 quiete
428 577 561 641 dimittas
579 578 743 642 secundum
760 578 874 641 limites
890 579 921 641 iu
938 578 1014 661 ipsis
1029 576 1200 659 priuilegiis
1217 576 1413 657 designatos;
1430 582 1465 638 et

258 686 299 748 ita
328 686 372 748 eis
400 686 571 750 satisfacias
599 687 637 751 de
662 686 779 750 damnis
802 691 833 750 et
848 686 964 749 iniuriis
980 685 1132 765 irrogatis,
1149 685 1229 769 quod
1246 686 1352 756 Deum,
1369 686 1459 748 cuius

258 793 401 858 offensam
430 813 466 856 ex
488 794 546 857 hoc
569 793 685 877 absque
708 792 800 858 dubio
821 793 992 869 incurristi,
1015 793 1104 874 digna
1126 794 1226 875 possis
1250 792 1462 855 satisfactione

260 899 403 984 placarc;
432 918 548 982 uosque
570 898 658 962 aliter
681 905 785 962 contra
810 907 841 964 te
856 899 1026 984 procedere
1042 917 1102 960 nou
1118 917 1270 978 cogamur,
1294 897 1346 980 qui
1362 918 1460 981 quam

259 1011 443 1090 tumcunque
457 1011 510 1069 tue
528 1004 649 1070 deleme
672 1006 846 1071 sublimitati
862 1008 999 1079 velimus,
1022 1007 1060 1070 ad
1072 1005 1205 1069 ultimum
1227 1010 1326 1068 tamen
1345 1005 1460 1068 deesse

260 1133 318 1176 non
343 1113 510 1195 poterimus
532 1113 563 1174 iu
587 1133 639 1176 sua
667 1113 781 1178 iustitia
804 1113 948 1177 tratribus
965 1134 1039 1196 sepe
1062 1113 1166 1185 dictis,
1185 1133 1242 1176 uec
1263 1112 1459 1176 dissimulare

260 1224 372 1284 tantum
393 1219 604 1283 detrimentum
627 1219 756 1284 subsidii
779 1224 864 1284 terre
882 1225 1006 1295 sancte;
1030 1240 1097 1284 cum
1116 1241 1174 1283 nou
1197 1221 1237 1283 sit
1254 1219 1459 1282 deferendum

260 1326 372 1390 bomini
399 1333 503 1390 contra
532 1327 639 1399 Deum,
664 1347 721 1392 uec
751 1328 886 1412 tibiipsi
908 1329 1058 1410 expediat,
1083 1333 1115 1392 vt
1137 1328 1167 1390 in
1183 1326 1241 1391 boc
1256 1326 1312 1391 tibi
1327 1326 1457 1390 articulo

260 1434 429 1506 deseratur3
457 1435 512 1498 sed
535 1435 635 1518 potius
659 1438 690 1498 rt
717 1435 755 1497 ab
782 1435 891 1516 injuria
912 1434 1083 1498 huiusmodi
1102 1434 1323 1518 compescaris.
1347 1431 1459 1496 Datum

260 1542 353 1606 Reate
368 1541 418 1606 Vl.
435 1542 555 1607 kalend.
572 1542 718 1606 Nouemb.
735 1544 818 1608 Anno
835 1543 962 1621 decimo.

779 1779 934 1851 XXXVII.

734 1951 814 2014 raas,
834 1951 877 2005 rr.
897 1949 976 2006 ress.

351 2077 499 2142 llonorius
515 2113 560 2124 —
576 2077 686 2141 illustri
709 2078 777 2159 regi
800 2078 954 2158 Huugarie
977 2113 1017 2124 -
1041 2076 1127 2140 Sicut
1148 2055 1303 2139 screnitati
1325 2083 1379 2141 tue
1396 2079 1461 2160 jam

260 2183 415 2248 multoties
446 2183 555 2250 litteris
584 2185 695 2248 nostris
719 2185 890 2247 insinuasse
910 2184 1083 2254 recolimus,
1114 2185 1261 2267 inspectis
1286 2184 1461 2268 privilegiis

261 2293 332 2364 tuis,
349 2289 465 2377 liquido
483 2293 716 2364 continentibus,
733 2301 764 2356 te
780 2298 893 2355 terram
908 2289 1024 2364 Bous,
1042 2313 1079 2356 ac
1095 2292 1168 2356 vltra
1192 2297 1309 2356 montes
1334 2293 1460 2370 niuium,

265 2397 385 2462 dilectis
402 2398 482 2472 tiliis,
507 2403 665 2485 fratribus
686 2401 796 2465 domus
816 2400 985 2487 hospitalia
1009 2401 1042 2465 S.
1070 2403 1176 2466 Maria
1194 2401 1462 2465 Tbcutonicumm

267 2507 353 2587 regia
369 2506 549 2572 liberalitate
566 2509 710 2580 donasse;
733 2513 845 2570 terram
866 2508 963 2591 ipsam
985 2508 1023 2571 ad
1039 2528 1164 2591 precum
1179 2513 1297 2570 tuarum
1318 2514 1461 2572 coustan-

262 2616 332 2677 tiam
350 2615 405 2678 sub
422 2617 589 2698 apostolice
611 2616 694 2680 sedis
717 2616 906 2699 protectione
934 2617 1139 2700 suscepimus,
1168 2637 1295 2700 eamque
1316 2615 1462 2679 libertate

265 2723 439 2787 donauimus
469 2725 604 2807 speciali,
633 2724 793 2788 statuendo
821 2702 885 2786 eam
909 2724 992 2795 nulli,
1016 2725 1073 2788 nisi
1096 2743 1216 2788 romano
1232 2723 1371 2807 pontifici
1387 2724 1461 2787 sub·

259 2831 379 2912 jacere;
409 2837 556 2914 quatenus
588 2831 693 2894 eadem
722 2851 779 2914 per
806 2830 864 2894 boc
889 2830 1007 2894 colonis
1030 2831 1119 2894 citius
1142 2832 1336 2916 impleretur,
1360 2837 1392 2894 et
1407 2837 1461 2894 tue

262 2939 431 3021 largitionis
466 2941 604 3004 meritum
637 2960 672 3003 eo
702 2939 788 3004 altius
816 2943 968 3020 surgeret,
992 2958 1051 3021 quo
1075 2940 1155 3022 pium
1176 2938 1382 3003 munificentie
1403 2945 1455 3003 tue

265 3047 374 3110 donum
390 3051 473 3111 terre
488 3053 606 3119 sancte,
628 3047 714 3128 cujus
737 3045 891 3130 obsequiis
913 3047 988 3110 dicti
1010 3048 1119 3111 fratres
1143 3069 1177 3110 se
1200 3048 1334 3110 totaliter
1363 3047 1462 3112 deuo·

155 3187 159 3192 ·
264 3160 383 3226 uerunt,
400 3154 523 3218 vberius
552 3156 736 3240 proueniret.
763 3154 880 3216 Deinde
906 3160 976 3238 post
997 3153 1104 3217 multas
1127 3155 1300 3218 vexationes
1317 3159 1350 3216 et
1365 3155 1462 3217 mole-

264 3263 350 3333 stias,
368 3283 441 3346 quas
459 3282 550 3345 super
567 3263 646 3326 dicta
663 3267 745 3324 terra
760 3261 913 3325 dicebaris
937 3262 1013 3345 ipsis
1030 3262 1174 3325 fratribus
1190 3264 1356 3342 irrogasse,
1370 3281 1465 3344 super

265 3368 373 3452 quibus
385 3367 442 3431 tibi
459 3368 610 3433 multoties
624 3369 784 3432 direximus
802 3371 915 3452 scripta
934 3373 1046 3439 nostra,
1063 3373 1094 3430 te
1111 3369 1229 3431 demum
1246 3369 1360 3432 nostris
1382 3371 1463 3432 auri·

263 3476 320 3539 bus
337 3477 504 3549 intimante,
522 3477 600 3561 quod
616 3477 677 3560 ipsi
692 3478 804 3540 fratres
822 3475 898 3541 lines
915 3476 1153 3558 possessionum,
1170 3495 1186 3537 a
1204 3478 1235 3537 te
1250 3475 1309 3536 sibi
1332 3495 1463 3540 conces-

264 3604 379 3656 sarum,
413 3585 552 3666 egressi,
587 3584 729 3669 quasdam
758 3605 794 3646 ex
815 3585 876 3647 tuis
897 3581 1143 3667 possessionibus
1165 3588 1371 3665 occuparunt;
1394 3605 1463 3648 cum

262 3712 317 3774 per
334 3692 450 3756 litteras
475 3697 594 3757 nostras
617 3693 843 3756 mandassemus
860 3691 986 3762 eisdem,
1014 3696 1046 3754 vt
1067 3692 1149 3774 ipsas
1171 3692 1386 3773 possessiones
1411 3697 1463 3754 tue

262 3799 436 3863 celsitudini
453 3801 662 3868 restituerent,
692 3805 722 3862 et
745 3797 782 3862 ab
806 3799 1004 3881 occupatione
1020 3798 1144 3862 aliorum
1171 3799 1319 3862 bonorum
1341 3804 1462 3863 tuorum

261 3909 299 3972 de
317 3914 419 3972 cetero
437 3908 631 3972 abstinerent.
657 3907 712 3978 Tu,
730 3904 812 3989 quod
827 3905 1036 3978 intelleximus,
1060 3906 1098 3968 de
1115 3904 1363 3988 possessionibus
1387 3906 1460 3978 illis,

262 4038 337 4101 quas
360 4016 538 4080 dicebantur
566 4021 649 4078 extra
670 4033 885 4078 concessarum
914 4014 972 4077 sibi
990 4015 1135 4078 terminos
1159 4033 1339 4096 occupasse,
1361 4014 1462 4077 nitens

260 4129 449 4210 retorquere,
467 4123 504 4189 ad
520 4124 599 4200 illas,
616 4142 690 4208 quas
707 4122 752 4185 eis
770 4123 819 4205 pia
834 4120 1017 4186 liberalitate
1034 4122 1162 4192 donasti,
1187 4126 1218 4184 et
1239 4141 1309 4204 que,
1332 4126 1365 4184 vt
1382 4123 1462 4185 dixi-

261 4237 399 4307 muscis
417 4235 454 4298 ad
470 4253 579 4317 preces
595 4237 661 4296 tuas
678 4235 748 4294 sunt
770 4232 949 4294 auctoritate
973 4230 1138 4314 apostolica
1165 4229 1352 4300 confirmate,
1388 4251 1462 4313 pre·

262 4341 373 4424 cepisti
394 4340 524 4412 eisdem,
553 4344 584 4404 rt
599 4343 709 4422 terram
725 4338 821 4420 ipsam
837 4357 854 4400 a
879 4343 920 4409 te,
937 4342 1028 4421 prout
1040 4337 1101 4418 jam
1116 4337 1255 4408 diximus,
1280 4336 1341 4398 sibi
1364 4336 1462 4399 dona-

261 4453 321 4512 tam
336 4452 443 4516 intuitu
460 4449 599 4534 pietatis,
620 4453 651 4512 et
667 4468 683 4509 a
701 4445 774 4509 sede
796 4444 960 4530 apostolica
985 4445 1207 4517 confirmatam,
1233 4443 1287 4507 tibi
1314 4446 1460 4508 continno
