3150 5092
604 602 767 675 ccxxvi.

548 739 632 803 icoo,
651 741 677 794 b.
696 740 820 795 October.

14 932 15 935 Ἴ
181 842 350 929 Capitulum
363 847 497 912 ecclesie
514 850 734 914 waradiensis.
752 847 898 921 Omnibus
912 845 1025 911 Christi
1040 846 1191 919 fidelibus,
1208 866 1282 930 pre-

14 1002 15 1005 .
82 971 159 1014 sens
177 953 378 1035 inspecturis,
403 956 531 1019 salutem
556 962 586 1021 et
605 957 856 1022 benedictionem.
889 955 984 1037 Quum
1005 955 1088 1036 justa
1109 954 1283 1037 petentibus

83 1078 233 1124 assensus
247 1060 393 1145 denegari
407 1070 546 1148 nequeat,
564 1068 595 1128 et
610 1065 690 1150 quod
707 1066 736 1126 in
753 1070 891 1149 tempore
907 1064 950 1135 fit,
964 1063 995 1127 id
1012 1063 1179 1127 litterarum
1196 1060 1283 1125 testi·

14 1210 15 1259 3
84 1166 197 1231 moniis
208 1168 335 1234 humane
347 1170 425 1254 eripi
442 1170 553 1236 debeat
564 1171 717 1245 oblivioni,
729 1192 767 1237 ne
781 1171 860 1257 quod
873 1169 951 1235 male
963 1171 1085 1243 lactum,
1100 1170 1128 1232 in
1144 1173 1283 1251 tempore

82 1296 146 1359 per
167 1276 310 1351 abusum,
328 1278 439 1361 justum
457 1281 564 1345 evadat
580 1285 611 1345 et
636 1281 753 1345 stabile.
778 1281 853 1344 Hinc
870 1281 908 1345 ad
923 1280 1131 1346 uniuersorum
1147 1277 1283 1341 notitiam

14 1404 15 1475 3
81 1384 225 1449 volumus
244 1388 415 1469 pervenire.
449 1388 537 1469 Quod
554 1388 687 1454 universi
710 1388 929 1453 inhabitatores
953 1393 985 1451 et
1000 1405 1197 1473 possessores
1209 1383 1283 1449 ville

14 1517 15 1591 ᾗ
85 1492 199 1558 Zacca
210 1493 241 1556 in
257 1496 399 1559 comitatu
415 1496 452 1559 de
465 1496 599 1561 Karazna
616 1498 776 1562 existentis
792 1497 891 1560 medio
906 1494 1101 1568 honorabilis,
1114 1499 1145 1557 et
1156 1491 1284 1555 discreti

14 1604 15 1673 t
85 1602 147 1665 viri
170 1601 284 1666 domini
307 1602 512 1694 archidiaconi
535 1606 572 1670 de
589 1605 733 1670 Thasnad
750 1624 815 1667 eam
839 1602 926 1667 uobis
944 1602 1191 1685 significaverunt
1207 1621 1283 1685 que·

14 1712 15 1721 ’
84 1710 202 1782 relam,
228 1709 397 1794 quodlicet
418 1714 557 1778 monachi
581 1713 705 1778 claustri
734 1714 764 1775 in
795 1712 902 1777 eadem
929 1710 1000 1775 villa
1022 1730 1059 1774 cx
1088 1707 1284 1792 eleemosyna

14 1910 15 1913 Ἴ
83 1817 197 1883 Jacobi
221 1817 290 1880 olim
320 1818 491 1892 deliteant.
516 1826 586 1885 aute
603 1821 737 1887 seculum
753 1821 821 1884 tere
833 1818 990 1890 exstructi,
1007 1823 1039 1881 ct
1051 1817 1160 1882 abhinc
1175 1816 1236 1899 pia,
1253 1821 1285 1879 et

14 1940 15 1983 r
84 1926 185 1990 libera
205 1926 338 2010 ipsorum
357 1926 589 1993 inhabitatorum
613 1929 805 2013 eleemosyna
830 1927 975 1997 sustenti,
1003 1926 1113 1989 nullum
1141 1923 1221 1988 aliud
1252 1926 1284 1987 iu

83 2036 187 2119 ipsam
200 2032 311 2104 villam,
326 2034 461 2116 ejusdem
476 2037 692 2102 inhabitatores
708 2036 868 2101 habuerint
885 2034 921 2098 ab
938 2041 1024 2099 antea
1042 2039 1072 2097 et
1087 2052 1209 2117 semper
1221 2031 1283 2114 jus,

85 2162 177 2229 quam
194 2162 282 2206 sacra
298 2142 411 2207 Christi
424 2143 562 2209 fidelihus
579 2144 818 2215 administrandi,
834 2164 872 2207 ne
884 2143 1011 2227 populus
1022 2141 1052 2203 iu
1069 2144 1151 2205 tauta
1165 2139 1283 2203 itineris

84 2252 244 2322 distantia,
261 2249 375 2336 absque
392 2250 452 2314 ulla
468 2253 558 2336 plane
574 2253 722 2337 spirituali
739 2256 769 2315 ct
786 2252 959 2334 quotidiana
975 2269 1130 2313 sacrorum
1142 2247 1283 2313 consola-

84 2361 170 2424 tione
187 2364 369 2423 rcmaneret.
394 2360 455 2444 lpsi
471 2364 581 2435 tamen,
599 2362 732 2425 nescitur
748 2379 806 2443 quo
823 2358 939 2423 inducti
956 2356 1099 2430 consilio,
1122 2361 1173 2420 aut
1186 2357 1284 2421 iuter·

83 2470 181 2543 dicto,
200 2488 303 2550 omues
320 2466 395 2531 alios
417 2470 593 2533 sacerdotes
622 2490 657 2532 ex
679 2468 784 2532 eadem
801 2466 871 2532 villa
895 2488 1001 2531 exesse
1023 2466 1137 2529 debere
1161 2469 1285 2549 preten-

14 2644 15 2679 q
80 2577 165 2651 dant,
184 2582 215 2640 et
231 2574 437 2641 honorabilem
454 2578 577 2641 fratrem
597 2574 779 2658 Gregorium
797 2574 1008 2660 presbyterum
1022 2574 1154 2638 ecclesie
1172 2572 1283 2636 Wara·

14 2682 16 2771 l
82 2686 214 2757 diensis,
237 2685 345 2747 festiva
372 2703 460 2747 sacra
483 2684 642 2769 predicare
659 2686 769 2768 populo
785 2685 1002 2753 intendentem,
1015 2682 1052 2747 ab
1068 2684 1133 2766 ipsa
1151 2680 1284 2744 ecclesia

83 2814 156 2857 cum
170 2813 229 2855 non
245 2790 306 2856 levi
321 2798 517 2856 sacrosancte
530 2793 663 2857 ecclesie
676 2792 830 2863 scandalo,
844 2796 877 2856 ct
891 2792 922 2854 in
939 2791 1098 2855 obversum
1115 2789 1283 2853 edictorum

14 2894 15 2975 l
84 2899 305 2987 episcopalium
323 2898 508 2963 excluserint
524 2905 711 2972 asserentes,
728 2920 762 2963 se
778 2899 969 2983 privilegium
992 2897 1106 2961 habere
1129 2915 1146 2958 a
1163 2894 1283 2959 domino

14 3060 16 3106 q
81 3030 163 3093 papa
180 3028 274 3091 super
284 3006 496 3089 jurisdictione
513 3005 603 3090 plauc
617 3008 808 3080 dioecesana,
821 3028 876 3071 seu
893 3004 1059 3090 episcopali
1072 3004 1237 3069 eorundem
1251 3005 1284 3067 in

85 3116 199 3182 dictam
215 3114 317 3178 villam
333 3114 487 3178 exclusive
508 3134 665 3178 concessa.
698 3113 794 3195 Quum
816 3120 918 3179 autem
937 3114 995 3198 ipsi
1012 3112 1229 3177 inhabitatores
1244 3111 1284 3174 de

14 3216 15 3221 ¹
84 3224 141 3289 tali
169 3223 369 3287 concessione
394 3220 468 3285 nihil
496 3243 621 3305 prorsus
649 3224 761 3295 sciant,
790 3244 847 3287 nec
874 3222 1045 3286 honorabili
1071 3221 1134 3285 viro
1162 3218 1282 3282 domiuo

85 3330 300 3397 archidiacono
322 3330 361 3393 de
377 3330 518 3395 Thasnad
544 3331 702 3416 quidquam
723 3332 762 3394 de
784 3352 820 3396 eo
836 3335 967 3405 constet,
982 3331 1054 3394 hinc
1068 3329 1149 3391 idem
1165 3327 1283 3391 nomine

14 3428 15 3489 ἒ
86 3460 155 3512 suo,
174 3444 205 3501 et
224 3440 432 3502 universorum
446 3438 677 3503 inhabitatorum
695 3440 775 3504 dicte
791 3439 861 3504 ville
878 3437 1073 3524 protestando
1094 3435 1283 3508 contradixit,

87 3554 118 3611 et
132 3546 372 3638 contradicendo
385 3551 570 3630 protestatus
587 3553 634 3612 est
654 3568 788 3631 eousque
806 3549 906 3621 etiam,
924 3547 1021 3610 donec
1037 3544 1209 3607 differentia
1225 3540 1283 3606 hcc

15 3642 16 3673 ³
87 3675 192 3721 coram
209 3654 374 3719 venerabili
391 3656 421 3717 iu
438 3652 559 3718 Christo
576 3660 661 3740 patre
679 3660 709 3720 et
724 3655 844 3720 domino
864 3655 1012 3726 lohanue,
1034 3654 1090 3716 Dei
1114 3656 1146 3715 ct
1161 3656 1284 3736 aposto-

85 3766 149 3828 lice
171 3761 254 3829 sedis
274 3765 373 3843 gratia
390 3763 623 3846 archiepiscopo
642 3763 774 3827 ecclesie
792 3763 984 3834 colocensis,
1006 3768 1037 3825 et
1058 3760 1146 3841 regie
1162 3759 1283 3823 sereni-

88 3874 162 3937 tatis
192 3871 377 3943 cancellarii,
407 3870 536 3956 aliisque
564 3871 692 3934 dominis
727 3872 853 3954 prelatis
875 3869 974 3936 revisa
1004 3876 1036 3934 ct
1059 3869 1161 3932 decisa
1184 3866 1284 3931 fucrit.

87 3982 200 4044 Harum
228 3984 396 4043 nostrarum
420 3979 525 4060 vigore
542 3983 572 4042 et
599 3980 771 4043 testimonio
793 3978 961 4043 litterarum
987 3978 1145 4041 mediante.
1176 3977 1284 4039 Datum

86 4088 166 4153 teria
195 4092 299 4173 quarta
321 4087 455 4171 proxima
478 4093 546 4170 post
567 4087 676 4150 festum
700 4086 780 4151 beati
797 4086 961 4171 blycbaelis
981 4085 1170 4167 archangeli.
1198 4084 1283 4146 Auno

88 4196 202 4261 domini
218 4194 378 4260 millesimo
395 4194 619 4259 trecentesimo.
645 4196 794 4259 Prcscntc
810 4194 974 4262 venerabili
990 4195 1055 4258 viro
1078 4193 1189 4260 domiui
1214 4192 1285 4256 Ste-

87 4306 190 4391 phano
207 4303 419 4369 archidiacono
436 4302 576 4367 Albensis
593 4302 734 4367 ecclesie.
