3150 5092
1197 343 1269 414 131

17 541 18 546 ¹
72 511 168 574 frater
182 511 297 576 Paulus
316 513 411 578 abbas
428 514 599 578 monasterii
611 514 700 577 beate
712 513 806 577 lllarie
820 513 944 595 virginis
961 513 999 577 de
1010 515 1106 579 Koloe
1113 516 1276 581 Menanter

72 621 102 682 iu
119 620 262 703 partibus
281 622 527 694 Transilranicis,
544 622 625 706 qued
642 623 856 705 possessiones
877 621 973 705 ipsius
990 624 1173 696 monasterii,
1196 625 1275 707 apud

71 747 179 791 manns
197 750 270 792 snas
287 729 471 802 existentes,
489 729 624 812 legitima
648 727 885 793 reambulatiene
907 735 939 793 et
955 733 1101 793 metarum
1123 732 1276 796 erectione
1338 808 1344 818 ,

70 855 104 898 ac
119 839 338 909 renovatione,
356 844 388 900 et
404 838 441 900 ab
459 839 584 901 aliorum
600 837 908 920 possessionariorum
921 837 1034 918 jurium
1059 839 1160 900 metali
1182 859 1275 921 sepa-

69 943 191 1005 ratione
208 942 370 1025 plnrimum
386 944 568 1026 indigerent,
595 964 763 1029 superque
781 943 919 1008 fidelitati
935 949 1038 1008 vestre
1057 944 1184 1009 firmiter
1199 967 1273 1029 pre·

69 1049 217 1132 cipiendo
233 1050 424 1124 mandamus,
449 1060 594 1136 qnatenus
617 1072 704 1115 unum
721 1052 848 1114 mittatis
864 1051 1013 1114 bominem
1030 1071 1086 1134 pro
1101 1055 1274 1118 testimonio

70 1155 131 1218 lide
150 1158 295 1238 dignum,
314 1179 372 1242 quo
388 1165 531 1242 presente
547 1157 679 1225 loannes
696 1157 775 1223 filius
794 1159 876 1221 Petri
894 1158 932 1223 de
949 1157 1056 1222 Sernes
1069 1160 1189 1242 juvenis
1206 1161 1274 1225 aule

70 1270 179 1329 nostre
197 1265 366 1346 majestatis
382 1266 557 1350 specialiter
573 1269 609 1331 ad
626 1268 684 1331 boc
700 1266 872 1350 deputatus,
884 1266 922 1329 ad
938 1267 1034 1330 facies
1047 1271 1272 1352 possessionum

68 1373 170 1455 ipsius
199 1374 390 1446 monasterii,
415 1380 445 1436 et
465 1373 583 1438 abbatis
606 1373 667 1439 loci
690 1374 826 1456 ejusdem
847 1375 877 1438 in
899 1373 1035 1457 partibus
1058 1375 1273 1460 Transylranis

69 1480 258 1551 habitarum,
276 1481 525 1567 qualitercunque
547 1488 722 1546 vocatarum
745 1481 920 1545 accedendo
941 1481 1134 1564 presentibus
1157 1484 1274 1560 vicinis,

13 1611 15 1672 J
69 1594 101 1652 et
118 1591 309 1652 cometaneis
324 1588 370 1674 (u.
382 1610 407 1652 s.
423 1610 460 1651 w.
479 1591 557 1654 noch
574 1590 629 1654 der
646 1589 878 1671 gewdhnlicben
894 1589 1042 1672 Formel).
1068 1591 1174 1653 Datum
1191 1592 1274 1656 Bude

71 1697 104 1758 in
122 1696 234 1778 vigilia
253 1697 416 1762 nativitatis
432 1696 647 1762 beati-loannis
659 1696 789 1780 baptiste
806 1715 882 1760 anuo
899 1696 1010 1762 domini
1021 1695 1274 1762 uecuxxxuu.

600 1934 749 2004 cxxxv.
816 2016 818 2020 ,
945 1904 947 1909 ’

423 2086 504 2148 1283,
522 2087 567 2142 23.
587 2087 658 2142 Juni.
677 2085 932 2154 weissenburg.

167 2213 232 2277 Nes
245 2216 353 2278 Petrus
362 2214 461 2277 diviua
470 2215 663 2277 miseratione
677 2211 1118 2295 episcopusTransilraniensis
1131 2217 1273 2279 memorie

11 2311 12 2380 ἶ
72 2323 334 2394 commendantes,
358 2321 466 2405 quibus
490 2322 621 2404 expedit,
644 2318 850 2401 significamus
875 2320 1034 2392 reinersis,
1057 2321 1135 2403 quod
1165 2324 1274 2386 fratres

11 2415 12 2462 1
71 2431 173 2493 nostri
190 2431 323 2495 vniuersi
340 2431 378 2493 de
395 2429 527 2512 capitulo
540 2449 577 2492 ex
586 2448 643 2490 una
655 2431 740 2510 parte
754 2432 786 2488 et
798 2446 901 2490 omnes
914 2427 1089 2490 sacerdotes
1103 2429 1141 2491 de
1152 2428 1274 2496 Medico

11 2553 13 2597 1
74 2559 112 2600 ex
132 2538 229 2601 altera
248 2536 285 2599 ad
302 2542 434 2599 nostram
452 2535 632 2598 accedentes
645 2537 834 2617 presenciam
853 2532 996 2597 videlicet
1011 2534 1167 2598 Walterns
1184 2537 1276 2600 deca·

11 2675 12 2685 ¹
74 2665 133 2708 nus
152 2644 192 2707 de
208 2643 277 2708 rilla
301 2642 450 2714 Echelini,
471 2641 627 2705 lohannes
651 2641 688 2703 de
705 2640 870 2712 Bertbelm,
894 2641 1042 2704 llenricus
1059 2642 1097 2704 dc
1111 2643 1181 2706 rilla
1201 2643 1273 2706 Rib-

72 2753 147 2824 uini,
158 2751 269 2816 Petrus
283 2751 322 2815 de
332 2750 450 2822 llusna,
458 2750 551 2813 Adam
564 2748 604 2812 de
616 2747 685 2812 villa
693 2747 822 2822 Medios,
834 2748 976 2812 Sillridns
989 2748 1136 2813 deblonte
1149 2754 1272 2822 maiore,

11 2835 12 2842 ἵ
73 2860 227 2924 Henricus
246 2859 284 2922 de
301 2858 407 2928 Serus,
420 2857 630 2922 Theodericus
643 2857 681 2920 de
694 2856 806 2940 Copus,
818 2855 899 2919 idem
912 2856 1072 2940 capitulum
1084 2857 1119 2919 ad
1136 2877 1273 2939 magnam

71 2968 255 3030 instanciam
278 2972 309 3031 et
331 2967 513 3049 peticionem
541 2966 728 3047 prefatorum
745 2963 952 3036 sacerdotum,
982 2970 1047 3026 tres
1063 2971 1164 3047 partes
1189 2966 1273 3028 deci-

72 3093 192 3136 marum
205 3074 245 3136 de
258 3073 375 3137 llledies
389 3071 450 3136 sibi
463 3071 644 3145 debitarum,
656 3072 775 3137 scilicet
786 3074 816 3135 in
829 3071 978 3152 frugibus,
987 3074 1017 3134 in
1029 3075 1110 3145 rino,
1122 3074 1152 3134 in
1168 3073 1274 3156 apibus

75 3189 107 3244 et
133 3183 165 3244 in
188 3178 333 3264 agnellis,
353 3182 413 3242 tem
436 3179 570 3263 ipsorum
587 3180 727 3263 personis
750 3201 838 3263 quam
854 3181 995 3244 ecclesiis
1011 3180 1174 3243 eorundem
1190 3181 1275 3245 loca-

75 3293 189 3352 uerunt
206 3287 332 3351 cuilibet
348 3289 378 3350 in
396 3285 526 3350 solidum
551 3306 606 3370 pro
623 3287 822 3370 qnadraginta
839 3287 949 3349 marcis
965 3286 1036 3348 boni
1053 3291 1170 3369 argenti
1187 3290 1272 3362 Albe,

74 3399 104 3460 iu
120 3395 247 3468 Wineh,
264 3401 296 3460 et
311 3395 341 3458 in
358 3393 500 3458 Warasio
525 3395 672 3458 currentis
695 3414 761 3458 cum
778 3393 914 3479 pondere
934 3395 1089 3466 terrestri,
1112 3397 1141 3457 in
1164 3415 1275 3480 perpe-

71 3510 170 3574 tuum,
184 3503 367 3588 cxcepciene
381 3499 514 3583 qualibet
526 3506 557 3564 et
570 3500 731 3583 cujuslibet
745 3502 890 3584 temporis
905 3501 1116 3564 nonobstante
1131 3502 1161 3565 in
1176 3502 1274 3567 tribus

74 3611 214 3674 terminis
237 3609 456 3693 infrascriptis
481 3607 706 3692 persolvendas,
721 3610 759 3672 de
777 3608 884 3692 quibus
901 3608 932 3670 in
947 3609 1048 3690 vigilia
1058 3607 1139 3671 beati
1157 3609 1273 3674 Micha-

75 3720 135 3782 elis
155 3717 270 3781 debeot
292 3715 414 3781 soluere
435 3715 543 3779 decem
566 3736 693 3788 marcas,
718 3719 748 3779 in
765 3717 924 3799 quindenis
941 3718 1038 3780 sancti
1054 3717 1274 3802 blartiuiquin·

76 3827 178 3890 decim
200 3844 318 3887 marcas
341 3829 371 3887 et
397 3825 429 3886 in
452 3823 612 3908 quindenis
635 3822 859 3907 purificacionis
876 3823 965 3887 beate
983 3823 1119 3905 virginis,
1137 3826 1273 3890 residuas

77 3932 252 4018 quindecim
266 3951 396 3995 marcas.
421 3931 485 3994 Hoc
503 3929 634 4012 adjecto,
652 3937 684 3994 ut
701 3931 729 3993 si
745 3930 874 4016 aliquem
889 3931 1083 3995 terminorum
1096 3933 1275 3997 obmiserint

76 4043 105 4103 io
123 4039 281 4112 solvende,
297 4039 328 4100 in
351 4039 483 4102 crastino
512 4058 620 4120 penem
643 4039 746 4121 duppli
768 4038 888 4102 solvere
904 4038 1085 4102 tenebuntur
1100 4039 1165 4102 siue
1181 4039 1272 4120 ijdem

77 4146 268 4218 sacerdotes,
292 4154 342 4210 aut
367 4146 441 4209 ville
466 4145 630 4210 eorundem
653 4143 872 4215 diminuantur,
895 4147 960 4209 sire
976 4148 1217 4226 augmententur.
1241 4145 1272 4208 ln

78 4257 162 4319 cuius
181 4255 226 4317 rei
238 4254 443 4318 testimenium
460 4253 497 4316 ad
511 4254 666 4336 utriusque
683 4252 776 4335 partis
794 4253 979 4335 peticionem
994 4251 1098 4315 literas
1114 4258 1273 4335 presentes
1394 4251 1397 4257 ’

77 4362 287 4428 concessimus
312 4362 405 4443 sigilli
423 4361 517 4425 nostri
533 4360 692 4423 munimine
716 4358 885 4425 roboratas.
910 4361 1015 4424 Datum
1032 4359 1109 4422 Albe
1124 4361 1155 4423 in
1169 4361 1273 4442 uigilia

77 4470 225 4536 lobannis
253 4470 394 4553 baptiste.
419 4471 503 4532 Anno
528 4467 639 4530 domini
664 4465 825 4532 lllillesimo
849 4467 925 4531 00⁰.
948 4469 1151 4548 octoagesimo
1167 4469 1273 4532 tercio.

1019 4572 1056 4628 9·
