3150 5092
300 333 374 407 156

296 510 507 593 possessiones
529 530 583 576 sen
604 515 700 576 terras
715 508 838 574 loannis
857 507 911 573 dlii
937 506 1099 582 Gebhardi.
1123 509 1265 576 videlicet
1286 510 1407 576 Dodolo
1431 513 1460 574 et

295 618 537 693 Nicolaildcoed
546 625 576 683 et
591 619 666 708 lpey
681 622 811 691 vocatas,
828 618 979 682 hominnm
994 618 1062 681 sine
1079 617 1191 682 herede
1206 618 1420 694 decedentium,
1432 625 1462 682 et

297 727 334 794 sd
349 749 451 792 manus
467 735 585 794 nostros
601 729 715 811 regias,
732 726 770 792 de
785 728 873 806 regni
888 727 1101 791 consvetndine
1117 728 1290 810 approbata.
1308 726 1464 798 devolutas,

296 837 430 904 dedimus
446 844 477 902 et
494 836 670 902 contulimus
687 837 802 902 eisdem
816 837 960 918 magistro
986 835 1139 919 Stephano
1159 841 1189 899 et
1209 835 1312 900 Paullo
1334 835 1463 901 fidelibus

296 948 406 1012 nostris
433 952 577 1032 perpetuo
601 945 807 1030 possidendas.
846 945 952 1011 Datum
974 966 1068 1030 prope
1089 945 1224 1030 Chegled
1248 947 1325 1010 teria
1340 945 1465 1010 secunda

296 1061 365 1142 post
381 1056 558 1122 dominicam
574 1057 653 1122 oculi
669 1055 735 1122 mei.
760 1057 844 1120 Anno
862 1056 971 1120 domini
986 1053 1128 1120 MCCXG.

831 1295 939 1368 cnm.

777 1468 858 1527 saco.
876 1470 920 1524 2⁷.
934 1469 993 1524 ns.

383 1617 540 1682 Ladislons
556 1616 610 1680 mei
625 1615 722 1699 gratia
739 1615 872 1700 Ungaris
886 1651 932 1664 -
947 1635 1008 1679 ren.
1033 1615 1178 1679 Omnibus
1194 1613 1307 1678 Christi
1329 1613 1467 1679 fidelibus

297 1746 424 1812 presens
450 1727 592 1810 scriptum
618 1725 798 1809 inspecturis
822 1725 946 1790 salntem
973 1725 1003 1788 in
1030 1725 1159 1788 omnium
1181 1725 1342 1789 salvatore.
1367 1723 1412 1788 Ut
1431 1743 1473 1795 ea,

298 1855 356 1921 qno
371 1834 400 1898 im
415 1839 551 1920 temporo
566 1838 721 1918 gelaretur,
738 1854 776 1898 ne
791 1852 859 1897 cnm
877 1840 1014 1916 temporo
1026 1830 1157 1896 defluant
1173 1832 1374 1905 otiabantur,
1397 1829 1475 1895 litte·

296 1963 394 2008 rarum
423 1942 522 2008 solent
542 1942 711 2010 testimonio
733 1941 918 2014 communiri,
943 1960 998 2005 seu
1019 1940 1241 2024 perhempnari‚
1265 1941 1475 2005 inconcussum

296 2051 407 2137 qnippe
418 2057 582 2135 permanet.
599 2048 677 2138 qnod
693 2051 779 2132 regio
795 2051 851 2115 snit
866 2049 1031 2134 patrocinio
1050 2050 1276 2124 communitum
1294 2049 1425 2134 proinde
1438 2049 1473 2112 ad

298 2162 502 2226 universorum
523 2163 655 2226 notitiam
679 2161 781 2226 harum
805 2161 886 2225 serie
908 2159 1042 2226 volomus
1072 2161 1245 2245 pervenire:
1278 2159 1359 2244 quod
1387 2180 1477 2225 acce·

301 2269 407 2338 dentes
423 2271 460 2335 ad
477 2274 607 2335 nostram
622 2271 811 2354 presenciam
828 2269 910 2334 cives
926 2270 964 2334 de
979 2269 1161 2355 Bystorcloc
1175 2269 1378 2334 exhibuerunt
1392 2267 1476 2333 nobis

299 2387 436 2463 patentes
448 2379 564 2445 litteras
580 2385 698 2446 nostras
714 2399 807 2463 snper
820 2379 1004 2444 relaxatione
1020 2377 1141 2442 duarum
1165 2379 1292 2462 partium
1314 2377 1421 2442 tributi
1442 2376 1478 2441 de

302 2487 489 2572 Byntwrche,
507 2493 538 2552 et
552 2489 720 2573 petiverunt
735 2487 855 2552 anchis
872 2487 1024 2552 humiliter
1039 2488 1224 2570 suplicando,
1244 2491 1277 2550 ut
1298 2487 1383 2570 ipsas
1400 2491 1478 2551 ratas

299 2595 422 2669 hebere,
442 2600 471 2661 et
494 2601 594 2662 nostro
616 2597 757 2662 innovare
779 2602 810 2662 et
832 2597 1008 2662 confirmare
1029 2596 1204 2680 priuilegio,
1230 2595 1268 2660 de
1289 2595 1477 2678 benignitate

303 2703 387 2789 regio
415 2703 623 2786 dignaremur,
646 2723 768 2788 quarum
786 2705 904 2789 quidem
930 2707 1094 2790 patentium
1115 2706 1280 2769 litterarum
1301 2702 1481 2768 tenor-talis

304 2821 368 2877 est:
394 2811 498 2899 (sielre
514 2811 655 2876 Urlmnde
671 2811 798 2902 CXLII).

389 2919 451 2986 Nos
473 2924 572 3008 itaque
591 2923 680 3005 justis
702 2926 733 2986 et
752 2923 895 3005 legitimis
926 2921 1128 3007 petitionibus
1139 2923 1342 3007 predictorum
1372 2923 1481 2987 civium

303 3035 470 3095 nostrorum
492 3030 641 3107 inelimati,
663 3033 747 3113 regio
764 3052 830 3096 cum
846 3032 949 3096 sorore
971 3033 1052 3117 ipsas
1075 3036 1213 3116 patentes
1230 3030 1344 3095 litteras
1362 3037 1482 3096 nostras

302 3158 360 3202 non
375 3138 507 3210 abrasas,
524 3159 581 3201 non
598 3137 787 3213 cancellatas,
805 3146 835 3203 et
850 3139 880 3203 in
896 3139 992 3226 aliqua
1009 3140 1054 3204 sui
1069 3145 1155 3224 parte
1172 3140 1299 3212 vitiatos,
1313 3139 1370 3202 sed
1388 3139 1481 3203 omni-

303 3246 417 3312 modam
434 3247 620 3312 continentes
636 3247 785 3320 invidete,
809 3247 846 3312 dc
862 3241 954 3312 verbo
971 3248 1147 3314 adverbum
1168 3248 1359 3332 presentibus
1387 3249 1480 3312 inseri

303 3356 456 3430 facientes,
473 3356 648 3421 auctoritate
660 3357 844 3441 presentium
860 3357 995 3421 duximus
1015 3357 1197 3422 innovandas
1213 3363 1244 3422 et
1259 3359 1349 3422 etiam
1371 3357 1483 3423 comfir-

304 3463 434 3526 mandas.
460 3463 499 3527 Ut
518 3469 614 3528 autem
626 3465 797 3548 hujusmodi
813 3465 909 3548 gratia
925 3463 1073 3550 predictis
1081 3465 1196 3529 civibus
1213 3485 1268 3550 per
1283 3486 1338 3528 nos
1355 3467 1437 3529 edita
1455 3469 1485 3529 ct

302 3590 446 3636 concesse
469 3569 561 3634 robur
582 3571 716 3636 obtineat
732 3579 877 3657 perpetue
893 3572 1055 3645 firmitatis,
1079 3593 1137 3638 nec
1151 3593 1300 3657 processu
1315 3579 1484 3656 temporum

303 3699 358 3764 per
374 3677 541 3764 quempiam
556 3680 660 3763 possit,
673 3700 728 3744 seu
744 3681 842 3745 valeat
856 3683 887 3745 in
901 3681 1017 3746 irritum
1032 3683 1168 3746 revocari
1184 3687 1233 3746 aut
1248 3684 1420 3755 retractari,
1431 3681 1485 3746 sed

304 3789 334 3851 in
361 3792 536 3871 perpetuum
560 3788 704 3874 usquein
727 3788 805 3854 lilios
829 3789 955 3855 tiliorum
976 3796 1153 3875 perseveret
1175 3794 1333 3874 presentes
1356 3810 1485 3855 conces·

306 3898 397 3960 simus
413 3895 542 3969 litteras,
567 3895 693 3979 duplicis
714 3897 806 3982 sigilli
824 3898 917 3963 nostri
932 3899 1091 3963 munimine
1115 3899 1281 3962 roboratas.
1305 3899 1415 3963 Datum
1430 3920 1486 3984 per

306 4024 408 4068 merrus
437 4004 614 4068 venerabilis
638 4006 733 4088 patris
758 4006 899 4090 Gregorii
927 4007 983 4071 llei
1007 4008 1142 4092 episcopi
1165 4005 1397 4080 chanadiensis,
1420 4009 1487 4072 aule

305 4115 407 4176 nostre
423 4113 490 4176 rire
512 4113 700 4185 cancellarii,
716 4112 820 4179 dilecti
832 4120 863 4179 et
878 4114 976 4178 tidelis
993 4115 1098 4179 nostri.
1122 4117 1209 4181 Anno
1230 4113 1374 4181 MCCXC.
1401 4120 1486 4180 sexto

306 4219 363 4284 loal.
377 4219 468 4290 lunii.
485 4220 571 4302 regni
591 4225 688 4286 antem
704 4222 800 4285 nostri
815 4242 890 4286 anno
906 4222 1023 4288 decimo
1038 4243 1127 4287 nono.
