3150 5092
636 338 787 410 134

620 530 833 576 versus
858 512 1148 579 orientem
1172 515 1497 590 tendendo,
1523 519 1672 582 duas
1696 526 1886 583 metas
1917 521 2134 584 iterum
2160 521 2587 592 cumulassent,
2613 538 2869 604 quarum
2903 539 3032 581 una

623 639 656 682 a
692 625 866 703 parte
897 625 1330 705 septentrionis
1364 627 1681 709 distingvit
1725 629 2099 712 possessioni
2132 629 2318 713 Gyos,
2364 629 2557 692 altera
2589 648 2741 692 vere
2774 649 2810 690 a
2838 627 3031 711 plaga

3046 0 3137 330 l

622 729 994 792 meridionali
1051 732 1425 813 possessioni
1473 733 1792 814 Kajantho,
1844 737 2041 800 adhuc
2074 756 2287 801 versus
2319 735 2573 800 eandem
2606 733 2853 818 plagam
2886 734 3027 799 ori-
3060 769 3063 772 ⁴

620 836 878 899 entalem
927 838 987 900 in
1032 837 1246 902 eodem
1278 847 1482 906 monte
1521 843 1929 926 procedendo,
1964 843 2235 907 saliendo
2267 863 2382 925 per
2411 861 2591 908 unam
2623 844 2811 914 viam,
2846 843 3024 906 simi-

620 943 762 1006 liter
793 942 943 1007 duas
975 951 1168 1009 metas
1200 947 1561 1019 erexissent,
1580 970 1698 1034 que
1730 951 1942 1015 iterum
1978 950 2351 1032 distingvunt
2381 952 2543 1014 inter
2575 951 3018 1032 possessiones

625 1050 966 1134 predictas,
1013 1051 1299 1118 videlicet
1332 1054 1498 1139 Gyos
1545 1063 1607 1121 et
1651 1059 1969 1139 Kajantho,
2014 1063 2076 1122 et
2116 1064 2341 1123 terram
2374 1061 2795 1144 possessionis
2828 1078 3023 1140 sepe-
3133 1099 3137 1101 >

625 1158 729 1218 suti
777 1156 1008 1221 abbatis
1057 1160 1320 1247 Benie¹)
1377 1170 1621 1238 vocate,
1680 1165 1937 1230 ulterius
1981 1168 2198 1231 iterum
2241 1166 2635 1250 procedendo
2681 1169 2745 1229 in
2796 1166 3017 1229 eodem

621 1269 817 1326 munte
864 1265 1150 1352 Zebedey
1194 1276 1404 1333 contra
1447 1277 1678 1355 partem
1713 1275 2083 1348 orientalem,
2118 1295 2230 1360 per
2267 1275 2487 1338 bonum
2522 1274 2786 1356 spatium
2823 1293 3020 1356 prope

621 1389 792 1431 uuum
869 1373 1056 1444 viam,
1114 1395 1232 1459 que
1295 1379 1530 1441 venitur
1593 1381 1671 1443 de
1740 1380 2012 1464 predicta
2078 1382 2475 1464 possessione
2535 1380 2876 1462 Kajantho‚
2957 1384 3023 1442 et

621 1475 906 1541 Machkas
929 1477 989 1563 ⁸)
1039 1499 1189 1563 quas
1229 1488 1421 1548 metas
1470 1488 1849 1569 supradictas
1898 1488 2133 1552 nobiles
2176 1491 2253 1553 de
2281 1489 2687 1560 Zomordoch,
2722 1494 2787 1550 et
2821 1487 3026 1550 Buda-

621 1582 761 1654 tellt.
797 1584 964 1666 Gyos
998 1594 1058 1651 et
1090 1587 1377 1655 Machkas
1413 1612 1591 1656 veras
1616 1601 1679 1658 et
1696 1596 1896 1677 justas
1920 1598 2185 1680 ipsarum
2211 1598 2679 1680 possessionum
2714 1595 3026 1679 sepedicti

617 1690 874 1766 abbatis,
908 1694 1145 1759 scilicet
1176 1696 1596 1773 Mariathelke,
1632 1709 1693 1765 et
1723 1703 2021 1784 Kajantho
2055 1725 2216 1776 esse,
2244 1710 2308 1769 et
2332 1725 2578 1790 semper
2607 1705 2827 1777 fuisse,
2856 1704 3025 1768 affir-

617 1805 867 1873 mantes,
903 1802 1157 1884 pacifice
1201 1811 1263 1869 et
1309 1808 1513 1892 quiete
1546 1810 1745 1873 eidem
1779 1811 2018 1875 domino
2052 1812 2256 1876 abbati
2301 1820 2363 1876 et
2406 1835 2518 1877 sue
2552 1812 2832 1877 ecclesie
2870 1812 3020 1875 reli-

617 1906 892 1986 quissent
924 1916 1218 1993 perpetuo
1251 1914 1677 1997 possidendas.
1725 1919 1941 1983 Datum
1974 1920 2035 1982 in
2068 1922 2229 1985 festo
2261 1923 2631 1986 inventionis
2665 1920 2838 1985 beati
2871 1939 3017 2005 pro·

617 2015 941 2078 turnartiris
976 2017 1287 2100 Stephani.
1338 2022 1506 2086 Anno
1539 2031 1877 2107 prenotato.

1626 2207 1901 2279 CXXXV
1903 2211 1981 2279 11.

1587 2343 1756 2404 1284,
1790 2345 1840 2399 1.
1876 2344 2018 2398 suni.

788 2439 1129 2517 Ladislaus,
1147 2446 1260 2508 Dei
1284 2449 1492 2528 gracia
1519 2449 1845 2532 Hungarie,
1864 2452 2193 2526 Dalmacie,
2222 2455 2499 2528 Croacie,
2522 2457 2740 2529 Rame‚
2773 2456 3016 2524 Seruie,

609 2546 886 2621 Gallicie,
912 2547 1295 2623 Lodomerie,
1330 2551 1639 2633 Cumanie‚
1671 2560 2071 2644 Bulgarieque
2096 2583 2220 2626 rex.
2264 2562 2559 2628 Omnibus
2585 2563 2833 2628 Christi
2865 2562 3018 2626 flde-

609 2650 765 2714 lihus
812 2658 934 2717 tam
968 2658 1354 2739 presentibus
1400 2681 1575 2745 quam
1629 2664 1843 2730 futuris
1875 2676 2225 2750 presentem
2268 2674 2556 2753 paginam
2612 2670 3016 2754 inspecturis,

609 2758 859 2825 sulutem
885 2762 945 2825 in
969 2765 1226 2829 omnium
1260 2768 1580 2834 saluatore.
1617 2772 1706 2834 Ad
1737 2777 2154 2838 vniuersorum
2189 2779 2471 2841 noticiam
2496 2784 2722 2842 tenore
2756 2797 3019 2861 presen*

605 2866 761 2930 nium
795 2869 1062 2932 volumus
1095 2874 1452 2954 peruenire,
1504 2880 1665 2959 quod
1699 2899 1809 2944 nos
1840 2883 2240 2946 consideratis
2270 2885 2669 2948 fidelitatibus
2704 2897 2773 2948 et
2820 2883 3014 2948 sen-uia

605 2974 830 3038 uiurum
864 2976 1120 3052 meritis,
1155 2981 1388 3043 comitis
1421 2984 1704 3068 Rofoyn,
1740 3007 1859 3070 que
1891 2991 2144 3072 primum
2180 2994 2354 3056 nobis
2398 2998 2575 3064 tunc,
2613 3013 2760 3056 cum
2796 2992 3016 3056 Rolan—

605 3078 745 3138 dum
775 3086 838 3144 et
861 3082 1252 3166 Stephanum,
1287 3086 1443 3151 tilios
1477 3090 1726 3164 Thome,
1747 3100 1808 3157 et
1838 3096 2036 3179 ipsum
2071 3102 2355 3163 comitem
2390 3102 2651 3183 Rofoyn,
2683 3102 2766 3164 ad
2803 3108 3013 3164 conte-

601 3186 849 3249 rendam
892 3189 1155 3254 Achonis
1206 3194 1554 3268 seruiciam,
1612 3197 1716 3262 filii
1764 3200 1965 3281 Pauli,
2020 3208 2123 3288 qui
2170 3209 2302 3271 zelo
2364 3208 2754 3272 infidelitatis
2809 3214 3013 3272 contra

605 3298 864 3354 nostram
910 3294 1320 3362 insurrexerat
1364 3304 1772 3378 maiestatem,
1827 3313 2220 3385 miseramus,
2279 3314 2380 3378 vbi
2422 3316 2671 3399 quidam
2708 3322 3011 3398 cognatus

597 3398 789 3482 ipsius
821 3397 1055 3485 Rofoyn
1093 3405 1345 3478 comitis,
1380 3407 1597 3472 Petrus
1646 3416 1907 3492 nomine,
1951 3424 2049 3482 est
2078 3420 2463 3500 interfectu3‚
2496 3430 2629 3489 tres
2664 3427 3013 3490 servientes

601 3505 870 3570 eiusdem
905 3512 1229 3575 extiterunt
1253 3514 1570 3581 vulnerati.
1605 3519 1889 3587 Secundo
1908 3526 1967 3586 in
1996 3529 2445 3610 expugnatione
2469 3535 2659 3594 castri
2679 3533 3010 3604 Seelench,

601 3610 776 3674 uubis
834 3616 1257 3693 cernentibus,
1313 3638 1427 3702 per
1475 3627 1792 3690 continuos
1843 3631 2000 3694 ictus
2032 3631 2328 3716 lapidum,
2395 3637 2555 3699 idem
2604 3637 2913 3724 Rophoyn
2950 3640 3006 3700 in

597 3736 771 3778 mauu
797 3721 1068 3799 grauiter
1090 3722 1202 3787 fuit
1216 3727 1583 3802 vulneratus,
1610 3752 1719 3813 pro
1745 3734 2037 3801 fidelitate
2062 3741 2241 3803 nobis
2275 3743 2713 3825 impendenda.
2755 3748 3006 3810 Demum

597 3846 729 3890 cum
765 3825 1012 3908 perfidia
1044 3832 1245 3910 gentis
1280 3832 1604 3901 Cumanice
1638 3847 1848 3905 contra
1881 3864 1989 3907 nos
2022 3847 2082 3907 in
2129 3851 2465 3929 perniciem
2512 3855 2713 3915 nostri
2762 3856 3004 3918 honoris

597 3938 657 3994 et
693 3932 861 4012 regni
895 3937 1087 3998 nostri
1120 3947 1483 4012 armauerat,
1534 3944 1612 4006 ad
1659 3966 1907 4029 quorum
1942 3953 2259 4034 perfidiam
2295 3960 2751 4040 reprimendam
2788 3964 3003 4025 Rolan-

593 4042 753 4110 dum,
789 4041 1137 4122 woyvodam
1170 4045 1645 4124 Transiluanum,
1680 4060 1741 4117 et
1772 4060 2123 4138 magistrum
2151 4063 2528 4146 Stephanum
2562 4069 2913 4149 predictos,
2937 4090 3001 4132 ac

593 4146 786 4226 :ipsum
821 4147 1098 4211 comitem
1128 4149 1362 4236 Rofoyn
1394 4154 1452 4216 in
1478 4158 1667 4239 prima
1695 4164 1827 4226 acie
1853 4167 2042 4229 nostri
2069 4171 2375 4235 exercitus
2401 4174 2781 4239 duxeramus
2809 4182 3001 4241 trans-

661 4410 705 4466 l}
745 4409 991 4455 1fn'ielleicht
1021 4412 1203 4456 Berend
1235 4415 1294 4458 im
1328 4417 1589 4465 Koloscher
1622 4423 1788 4471 Gemit.

653 4490 701 4550 Β]
741 4489 945 4538 Macskzis
965 4494 1024 4537 im
1049 4494 1272 4540 Kolosch.
1293 4497 1458 4543 Comit.
