3150 5092
1207 339 1281 411 127

79 514 244 578 dicebatur
260 535 331 578 esse
348 514 520 584 destructa,
534 515 693 574 erexerunt
706 529 793 573 unam
807 518 931 581 metam,
945 509 1055 576 dehinc
1066 511 1163 575 tendit
1175 533 1283 577 versus

79 621 205 704 plagam
222 622 451 686 meridionalem
468 621 503 683 ad
522 640 609 684 unum
632 619 758 682 rivulum
781 617 970 700 lladaspatalx
992 625 1213 701 nuncupatum,
1231 623 1282 685 ubi
1318 700 1321 704 .

76 728 162 809 juxta
177 749 267 792 unam
282 733 415 792 veterem
428 736 537 792 metam
552 728 639 791 aliam
658 744 763 790 noram
776 730 947 797 erexerunt,
961 724 1069 788 abinde
1080 726 1283 808 procedentes

76 856 187 901 versus
200 836 368 906 meridiem,
378 835 468 922 (per)
478 834 626 918 quandam
635 832 743 897 vallem
757 833 919 915 spinosam,
927 833 956 895 in
967 834 1076 895 collem
1091 836 1282 901 condescen-

79 943 195 1007 dentes
208 945 237 1006 in
251 963 288 1007 eo
302 944 370 1007 loco
386 943 437 1006 uhi
453 944 519 1025 ipsa
537 943 622 1007 vallis
640 943 832 1012 terminatur,
852 939 903 1003 ubi
919 960 977 1002 una
993 943 1113 1024 antiqua
1129 951 1207 1005 meta
1225 947 1283 1007 fuit

79 1053 252 1121 destructa,
270 1055 431 1114 erexerant
453 1069 539 1113 unam
563 1068 668 1112 novam
691 1054 810 1117 metam,
834 1047 940 1110 exinde
962 1048 1186 1129 progrediendo
1199 1051 1283 1132 juxta

78 1158 233 1242 quandam
250 1178 371 1241 parvam
388 1156 512 1240 sylvam,
528 1177 587 1242 que
603 1155 693 1238 vulgo
710 1153 956 1237 Eresnteveny1)
969 1154 1089 1226 dicitur,
1104 1156 1281 1222 dimittendo

77 1267 180 1349 ipsam
207 1266 323 1350 sylvam
349 1264 384 1326 ad
408 1264 560 1328 sinistram
583 1263 700 1335 eundo,
732 1263 870 1326 similiter
903 1282 1010 1325 versus
1041 1264 1213 1340 meridiem,
1246 1269 1284 1332 ad

78 1374 235 1458 quandam
252 1371 359 1438 vallem
376 1372 507 1442 siccam,
531 1371 581 1435 ubi
596 1371 680 1453 juxta
698 1370 845 1453 quandam
861 1355 972 1432 metam
988 1371 1155 1453 antiquam,
1178 1393 1282 1438 novam

77 1487 257 1545 erexerunt.
282 1479 399 1544 Deinde
414 1500 487 1543 vero
505 1478 728 1544 descendentes
751 1497 807 1560 per
830 1476 928 1541 locum
944 1478 1142 1560 virgultorum
1163 1480 1281 1548 Csolxos

78 1595 298 1670 nuncupatum,
323 1586 364 1650 ibi
388 1606 476 1651 unam
499 1592 608 1650 metam
632 1592 809 1658 erexerunt,
833 1590 864 1650 et
883 1584 926 1648 ibi
945 1585 995 1648 illa
1012 1594 1094 1649 terra
1111 1589 1280 1670 angulatur.

78 1695 124 1758 Ah
143 1694 218 1758 lninc
235 1715 342 1758 versus
355 1695 503 1758 orientem
516 1693 718 1778 procedentes
731 1693 761 1755 in
778 1711 865 1756 uuam
878 1693 994 1763 vallem,
1007 1693 1058 1756 ubi
1070 1695 1152 1759 rivus
1165 1697 1281 1769 defluit,

79 1823 142 1888 que
172 1801 261 1867 vallis
291 1800 431 1885 Udvarag
459 1806 599 1874 vocatur,
629 1799 678 1864 ubi
702 1800 757 1864 suh
784 1800 910 1883 quadam
939 1819 1046 1880 magna
1071 1802 1179 1866 arbore
1201 1805 1281 1869 ilicis

77 1914 192 1972 metam
206 1914 380 1981 erexerunt,
393 1909 500 1972 exinde
512 1908 698 1972 transeundo
710 1908 814 1979 rivum,
824 1907 880 1970 snb
894 1927 948 1970 una
963 1928 1054 1972 curva
1068 1910 1179 1974 arbore
1191 1912 1279 1985 ilicis,

78 2038 141 2103 quc
158 2037 177 2079 a
194 2017 332 2099 predicto
356 2017 421 2079 rivo
446 2015 551 2080 decem
574 2015 694 2079 cubitos
711 2015 819 2086 distat,
841 2015 925 2096 juxta
947 2022 1011 2078 tres
1032 2021 1127 2080 metas
1144 2020 1280 2102 antiquas

78 2145 171 2189 unam
188 2143 296 2188 noram
317 2123 486 2196 elevarunt,
510 2122 619 2186 exinde
642 2141 714 2185 vero
736 2123 904 2205 predictum
929 2123 1023 2185 rivum
1045 2124 1155 2187 iterato
1177 2132 1280 2190 trans·

78 2239 193 2297 euntes
211 2233 350 2296 similiter
366 2251 473 2294 versus
490 2231 637 2294 orientem
653 2231 769 2311 vergit,
795 2229 833 2292 ad
850 2229 1004 2310 predictas
1021 2236 1117 2296 metas
1133 2234 1279 2316 capitales

11 2401 12 2404 ,
80 2342 147 2405 sire
165 2340 362 2422 principales,
381 2343 412 2401 et
427 2339 471 2400 sic
488 2358 595 2401 cursus
612 2341 757 2399 metarum
773 2335 913 2420 predicte
928 2341 1011 2399 terre
1026 2340 1178 2402 terminat.
1195 2342 1234 2404 llt
1249 2347 1282 2404 ut

76 2467 212 2531 presens
230 2449 384 2528 negotium
401 2453 550 2528 perpetuo
566 2448 755 2526 perseveret,
773 2450 932 2527 presentes
951 2446 1056 2509 literas
1073 2451 1279 2514 concessimus

11 2599 12 2628 2
78 2553 178 2635 sigilli
200 2554 296 2617 nostri
320 2552 483 2616 munimine
504 2549 673 2614 roboratas.
702 2551 810 2613 Datum
829 2551 861 2614 in
885 2552 1034 2616 dominica
1059 2573 1116 2635 qua
1144 2562 1281 2621 cantatur

11 2670 12 2675 ’
80 2662 284 2726 reminiscere
300 2679 377 2723 anno
391 2660 427 2722 l).
448 2658 545 2723 1282.
564 2657 654 2721 Malla.
668 2657 839 2740 preposito,
856 2657 996 2724 Emerico
1013 2661 1146 2734 lectore,
1163 2664 1282 2728 loanne

80 2774 223 2840 cantore,
240 2766 406 2832 Benedicto
424 2765 551 2830 custode
568 2764 721 2847 magistris
738 2764 949 2830 existentibus.

619 2949 756 3019 CXXXI.

147 3089 230 3151 1282,
248 3089 292 3142 21.
312 3089 392 3141 llltrz.
410 3085 465 3138 Am
484 3085 603 3138 Flussc
622 3084 755 3138 llcrnad
774 3084 807 3137 in
826 3084 886 3139 der
904 3085 999 3140 Nthe
1016 3104 1077 3141 rou
1095 3088 1215 3143 Scala.

175 3217 239 3279 Nos
256 3214 416 3279 ladislaus
433 3213 490 3276 Dei
506 3213 610 3294 gracia
628 3232 683 3275 rex
699 3211 853 3296 Hungarie
869 3215 1013 3278 memorie
1038 3218 1279 3283 commendamus

80 3323 294 3406 significantes
310 3322 463 3386 uniuersis
480 3319 588 3405 quihus
605 3320 729 3402 expedit
744 3322 937 3403 presencium
956 3343 1013 3405 per
1028 3328 1174 3388 tenorem.
1193 3326 1280 3407 Quod

81 3431 270 3497 venerabilis
292 3437 378 3514 pater
400 3429 507 3493 Petrus
531 3429 586 3491 Dei
603 3429 708 3510 gracia
725 3429 888 3511 episcopus
904 3429 1135 3495 Transsilranus
1151 3433 1279 3497 dilectus

81 3547 113 3604 et
129 3540 232 3603 fidelis
250 3545 355 3603 noster
370 3539 407 3602 ad
424 3541 560 3602 nostram
576 3537 727 3600 accedens
750 3540 953 3619 presenciam,
976 3559 992 3601 a
1016 3539 1103 3604 nobis
1127 3540 1280 3605 humiliter

81 3647 283 3733 supplicando
305 3646 477 3729 postulavit.
504 3645 590 3726 Quod
609 3665 675 3709 cum
692 3665 744 3708 sua
762 3646 895 3710 diocesis
918 3647 1021 3710 hostili
1036 3653 1280 3734 persequuoione

80 3759 253 3828 Saxonum,
280 3760 311 3817 et
327 3755 514 3818 diversarum
539 3774 716 3836 guerrarum
733 3756 822 3835 regni
840 3756 951 3828 nostri,
974 3757 1060 3819 nohis
1076 3764 1182 3820 tenera
1198 3764 1280 3824 etate

82 3863 273 3934 constitutis,
297 3861 335 3924 ad
355 3865 468 3924 tantam
488 3861 721 3926 inhabitanclum
744 3862 901 3926 devenerit
916 3865 1068 3926 raritatem
1086 3867 1166 3947 quod
1182 3889 1279 3952 usque

83 3971 120 4034 ad
134 3971 194 4033 hec
207 3974 342 4052 tempora
351 3970 440 4051 pauci
452 3971 482 4031 in
489 3968 574 4041 Alba,
586 3989 644 4052 que
658 3975 705 4032 est
718 3969 809 4032 sedes
823 3971 1018 4054 episcopatus
1027 3974 1074 4035 sui
1085 3972 1278 4047 kathedram,

81 4083 113 4140 et
127 4079 159 4140 in
178 4075 245 4139 aliis
258 4076 337 4139 villis
351 4077 426 4147 suis,
451 4078 516 4140 siue
533 4075 667 4138 curtibus
686 4075 920 4158 pontificalibus,
939 4098 1063 4161 quarum
1076 4082 1194 4142 nomina
1211 4088 1280 4143 sunt

81 4186 158 4248 hec:
175 4184 319 4248 videlicet
334 4184 365 4251 in
383 4184 525 4247 comitatu
537 4183 663 4246 Albensi
679 4183 747 4247 villa
764 4184 853 4255 Sard,
871 4189 902 4247 et
919 4185 949 4246 in
967 4188 1109 4251 comitatu
1125 4188 1163 4251 de
1177 4189 1278 4250 Torda

81 4291 155 4356 villa
184 4293 281 4355 sancti
307 4293 390 4374 regis
399 4291 447 4378 ²),
485 4292 557 4356 iem
586 4294 616 4355 in
650 4293 793 4356 comitatu
825 4294 863 4356 de
892 4295 984 4360 Kulus
1012 4295 1082 4361 villa
1111 4297 1278 4371 lluluswar,

116 4452 142 4513 ¹)
161 4452 294 4498 Eresxtein.
311 4442 382 4512 Fojdr
398 4466 420 4499 a.
436 4466 457 4498 a.
475 4454 502 4498 0.

116 4532 142 4594 ι)
160 4536 233 4580 szsm
249 4529 336 4590 liirdly.
