<?xml version="1.0" encoding="UTF-8"?>
<!DOCTYPE html PUBLIC "-//W3C//DTD XHTML 1.0 Transitional//EN"
    "http://www.w3.org/TR/xhtml1/DTD/xhtml1-transitional.dtd">
<html xmlns="http://www.w3.org/1999/xhtml" xml:lang="en" lang="en">
 <head>
  <title>
</title>
<meta http-equiv="Content-Type" content="text/html;charset=utf-8" />
  <meta name='ocr-system' content='tesseract 3.04.00' />
  <meta name='ocr-capabilities' content='ocr_page ocr_carea ocr_par ocr_line ocrx_word'/>
</head>
<body>
  <div class='ocr_page' id='page_1' title='image "./fontesrerumaust26kommgoog_0199.png"; bbox 0 0 3150 5092; ppageno 0'>
   <div class='ocr_carea' id='block_1_1' title="bbox 649 601 742 792">
    <p class='ocr_par' dir='ltr' id='par_1_1' title="bbox 649 601 742 792">
     <span class='ocr_line' id='line_1_1' title="bbox 649 601 742 672; baseline -0.022 0"><span class='ocrx_word' id='word_1_1' title='bbox 649 601 742 672; x_wconf 78' lang='lat' dir='ltr'><strong>evil.</strong></span> 
     </span>
     <span class='ocr_line' id='line_1_2' title="bbox 654 737 735 792; baseline 0 -1"><span class='ocrx_word' id='word_1_2' title='bbox 654 737 735 792; x_wconf 79' lang='lat' dir='ltr'><strong>rans.</strong></span> 
     </span>
    </p>
   </div>
   <div class='ocr_carea' id='block_1_2' title="bbox 85 842 1293 1366">
    <p class='ocr_par' dir='ltr' id='par_1_2' title="bbox 85 842 1293 1366">
     <span class='ocr_line' id='line_1_3' title="bbox 186 842 1293 930; baseline -0.006 -19"><span class='ocrx_word' id='word_1_3' title='bbox 186 849 349 914; x_wconf 80' lang='lat' dir='ltr'><strong>Ladizlaus</strong></span> <span class='ocrx_word' id='word_1_4' title='bbox 367 848 418 912; x_wconf 92' lang='lat' dir='ltr'><strong>dei</strong></span> <span class='ocrx_word' id='word_1_5' title='bbox 433 850 536 930; x_wconf 81' lang='lat' dir='ltr'><strong>gracia</strong></span> <span class='ocrx_word' id='word_1_6' title='bbox 553 845 717 930; x_wconf 82' lang='lat' dir='ltr'><strong>Hung&#39;arie,</strong></span> <span class='ocrx_word' id='word_1_7' title='bbox 732 844 892 918; x_wconf 86' lang='lat' dir='ltr'><strong>Dalmatis,</strong></span> <span class='ocrx_word' id='word_1_8' title='bbox 907 843 1039 917; x_wconf 83' lang='lat' dir='ltr'><strong>Croatie,</strong></span> <span class='ocrx_word' id='word_1_9' title='bbox 1052 845 1155 916; x_wconf 84' lang='lat' dir='ltr'><strong>Reme,</strong></span> <span class='ocrx_word' id='word_1_10' title='bbox 1172 842 1293 915; x_wconf 90' lang='lat' dir='ltr'><strong>Seruie,</strong></span> 
     </span>
     <span class='ocr_line' id='line_1_4' title="bbox 89 953 1292 1039; baseline -0.006 -19"><span class='ocrx_word' id='word_1_11' title='bbox 89 957 224 1030; x_wconf 90' lang='lat' dir='ltr'><strong>Galioie‚</strong></span> <span class='ocrx_word' id='word_1_12' title='bbox 252 957 446 1029; x_wconf 81' lang='lat' dir='ltr'><strong>bodomarie,</strong></span> <span class='ocrx_word' id='word_1_13' title='bbox 470 957 620 1029; x_wconf 81' lang='lat' dir='ltr'><strong>Cumania,</strong></span> <span class='ocrx_word' id='word_1_14' title='bbox 644 955 848 1039; x_wconf 83' lang='lat' dir='ltr'><strong>Bulgarieque</strong></span> <span class='ocrx_word' id='word_1_15' title='bbox 870 974 932 1017; x_wconf 85' lang='lat' dir='ltr'><strong>rex.</strong></span> <span class='ocrx_word' id='word_1_16' title='bbox 962 953 1108 1018; x_wconf 81' lang='lat' dir='ltr'><strong>Omnibus</strong></span> <span class='ocrx_word' id='word_1_17' title='bbox 1131 958 1292 1036; x_wconf 77' lang='lat' dir='ltr'><strong>presentes</strong></span> 
     </span>
     <span class='ocr_line' id='line_1_5' title="bbox 87 1059 1292 1149; baseline -0.005 -21"><span class='ocrx_word' id='word_1_18' title='bbox 87 1066 213 1128; x_wconf 80' lang='lat' dir='ltr'><strong>litteras</strong></span> <span class='ocrx_word' id='word_1_19' title='bbox 234 1065 434 1149; x_wconf 70' lang='lat' dir='ltr'><strong>imposturis,</strong></span> <span class='ocrx_word' id='word_1_20' title='bbox 462 1064 589 1128; x_wconf 88' lang='lat' dir='ltr'><strong>salutem</strong></span> <span class='ocrx_word' id='word_1_21' title='bbox 615 1064 647 1128; x_wconf 92' lang='lat' dir='ltr'><strong>in</strong></span> <span class='ocrx_word' id='word_1_22' title='bbox 672 1065 802 1126; x_wconf 92' lang='lat' dir='ltr'><strong>omnium</strong></span> <span class='ocrx_word' id='word_1_23' title='bbox 830 1062 991 1125; x_wconf 75' lang='lat' dir='ltr'><strong>salvatore,</strong></span> <span class='ocrx_word' id='word_1_24' title='bbox 1025 1061 1121 1142; x_wconf 84' lang='lat' dir='ltr'><strong>liegie</strong></span> <span class='ocrx_word' id='word_1_25' title='bbox 1150 1059 1292 1124; x_wconf 88' lang='lat' dir='ltr'><strong>conuenit</strong></span> 
     </span>
     <span class='ocr_line' id='line_1_6' title="bbox 86 1169 1291 1256; baseline -0.003 -19"><span class='ocrx_word' id='word_1_26' title='bbox 86 1173 284 1237; x_wconf 80' lang='lat' dir='ltr'><strong>celsitudinis</strong></span> <span class='ocrx_word' id='word_1_27' title='bbox 301 1173 423 1256; x_wconf 67' lang='lat' dir='ltr'><strong>prelati,</strong></span> <span class='ocrx_word' id='word_1_28' title='bbox 440 1179 545 1256; x_wconf 79' lang='lat' dir='ltr'><strong>utque</strong></span> <span class='ocrx_word' id='word_1_29' title='bbox 562 1176 758 1236; x_wconf 89' lang='lat' dir='ltr'><strong>sacrosancte</strong></span> <span class='ocrx_word' id='word_1_30' title='bbox 775 1171 910 1236; x_wconf 80' lang='lat' dir='ltr'><strong>ecclesie</strong></span> <span class='ocrx_word' id='word_1_31' title='bbox 926 1190 982 1253; x_wconf 92' lang='lat' dir='ltr'><strong>per</strong></span> <span class='ocrx_word' id='word_1_32' title='bbox 1005 1169 1203 1234; x_wconf 89' lang='lat' dir='ltr'><strong>collacionem</strong></span> <span class='ocrx_word' id='word_1_33' title='bbox 1226 1170 1291 1233; x_wconf 84' lang='lat' dir='ltr'><strong>sire</strong></span> 
     </span>
     <span class='ocr_line' id='line_1_7' title="bbox 85 1269 1290 1366; baseline -0.002 -21"><span class='ocrx_word' id='word_1_34' title='bbox 85 1282 291 1346; x_wconf 88' lang='lat' dir='ltr'><strong>donacionem</strong></span> <span class='ocrx_word' id='word_1_35' title='bbox 318 1300 563 1366; x_wconf 87' lang='lat' dir='ltr'><strong>quorumcunque</strong></span> <span class='ocrx_word' id='word_1_36' title='bbox 591 1286 660 1346; x_wconf 93' lang='lat' dir='ltr'><strong>sunt</strong></span> <span class='ocrx_word' id='word_1_37' title='bbox 682 1281 876 1363; x_wconf 86' lang='lat' dir='ltr'><strong>appropriata</strong></span> <span class='ocrx_word' id='word_1_38' title='bbox 899 1298 1022 1343; x_wconf 90' lang='lat' dir='ltr'><strong>suorum</strong></span> <span class='ocrx_word' id='word_1_39' title='bbox 1040 1269 1290 1343; x_wconf 78' lang='lat' dir='ltr'><strong>munimentorum</strong></span> 
     </span>
    </p>
   </div>
   <div class='ocr_carea' id='block_1_3' title="bbox 11 1385 1291 4606">
    <p class='ocr_par' dir='ltr' id='par_1_3' title="bbox 11 1385 1291 4606">
     <span class='ocr_line' id='line_1_8' title="bbox 86 1385 1291 1474; baseline -0.004 -20"><span class='ocrx_word' id='word_1_40' title='bbox 86 1391 263 1474; x_wconf 88' lang='lat' dir='ltr'><strong>patrocinio</strong></span> <span class='ocrx_word' id='word_1_41' title='bbox 291 1389 451 1453; x_wconf 77' lang='lat' dir='ltr'><strong>confimat</strong></span> <span class='ocrx_word' id='word_1_42' title='bbox 480 1389 692 1454; x_wconf 89' lang='lat' dir='ltr'><strong>inconcussum</strong></span> <span class='ocrx_word' id='word_1_43' title='bbox 724 1389 840 1471; x_wconf 88' lang='lat' dir='ltr'><strong>quippe</strong></span> <span class='ocrx_word' id='word_1_44' title='bbox 866 1390 1056 1470; x_wconf 87' lang='lat' dir='ltr'><strong>permaneat,</strong></span> <span class='ocrx_word' id='word_1_45' title='bbox 1097 1385 1177 1472; x_wconf 85' lang='lat' dir='ltr'><strong>quod</strong></span> <span class='ocrx_word' id='word_1_46' title='bbox 1204 1387 1291 1468; x_wconf 84' lang='lat' dir='ltr'><strong>regio</strong></span> 
     </span>
     <span class='ocr_line' id='line_1_9' title="bbox 84 1487 1289 1581; baseline -0.005 -19"><span class='ocrx_word' id='word_1_47' title='bbox 84 1499 185 1562; x_wconf 82' lang='lat' dir='ltr'><strong>luerit</strong></span> <span class='ocrx_word' id='word_1_48' title='bbox 200 1487 358 1581; x_wconf 80' lang='lat' dir='ltr'><strong>priuilegio</strong></span> <span class='ocrx_word' id='word_1_49' title='bbox 374 1497 555 1562; x_wconf 83' lang='lat' dir='ltr'><strong>roboratum.</strong></span> <span class='ocrx_word' id='word_1_50' title='bbox 582 1495 711 1560; x_wconf 84' lang='lat' dir='ltr'><strong>Proinde</strong></span> <span class='ocrx_word' id='word_1_51' title='bbox 727 1496 764 1559; x_wconf 89' lang='lat' dir='ltr'><strong>ad</strong></span> <span class='ocrx_word' id='word_1_52' title='bbox 782 1497 989 1560; x_wconf 79' lang='lat' dir='ltr'><strong>universorum</strong></span> <span class='ocrx_word' id='word_1_53' title='bbox 1013 1499 1074 1558; x_wconf 91' lang='lat' dir='ltr'><strong>tam</strong></span> <span class='ocrx_word' id='word_1_54' title='bbox 1098 1494 1289 1577; x_wconf 88' lang='lat' dir='ltr'><strong>presencium</strong></span> 
     </span>
     <span class='ocr_line' id='line_1_10' title="bbox 85 1602 1289 1688; baseline -0.003 -20"><span class='ocrx_word' id='word_1_55' title='bbox 85 1625 180 1688; x_wconf 90' lang='lat' dir='ltr'><strong>quam</strong></span> <span class='ocrx_word' id='word_1_56' title='bbox 197 1605 366 1669; x_wconf 80' lang='lat' dir='ltr'><strong>futurorum</strong></span> <span class='ocrx_word' id='word_1_57' title='bbox 388 1605 529 1668; x_wconf 85' lang='lat' dir='ltr'><strong>noticiam</strong></span> <span class='ocrx_word' id='word_1_58' title='bbox 545 1605 651 1668; x_wconf 89' lang='lat' dir='ltr'><strong>harum</strong></span> <span class='ocrx_word' id='word_1_59' title='bbox 669 1602 895 1668; x_wconf 84' lang='lat' dir='ltr'><strong>serievolomus</strong></span> <span class='ocrx_word' id='word_1_60' title='bbox 912 1605 1084 1687; x_wconf 88' lang='lat' dir='ltr'><strong>peruenire,</strong></span> <span class='ocrx_word' id='word_1_61' title='bbox 1101 1602 1181 1686; x_wconf 82' lang='lat' dir='ltr'><strong>quod</strong></span> <span class='ocrx_word' id='word_1_62' title='bbox 1193 1622 1289 1666; x_wconf 86' lang='lat' dir='ltr'><strong>vene-</strong></span> 
     </span>
     <span class='ocr_line' id='line_1_11' title="bbox 84 1710 1290 1796; baseline -0.003 -21"><span class='ocrx_word' id='word_1_63' title='bbox 84 1713 197 1776; x_wconf 92' lang='lat' dir='ltr'><strong>rabilis</strong></span> <span class='ocrx_word' id='word_1_64' title='bbox 220 1718 307 1796; x_wconf 88' lang='lat' dir='ltr'><strong>pater</strong></span> <span class='ocrx_word' id='word_1_65' title='bbox 323 1715 438 1778; x_wconf 80' lang='lat' dir='ltr'><strong>Petrus</strong></span> <span class='ocrx_word' id='word_1_66' title='bbox 458 1713 660 1776; x_wconf 85' lang='lat' dir='ltr'><strong>miseracione</strong></span> <span class='ocrx_word' id='word_1_67' title='bbox 684 1711 781 1775; x_wconf 85' lang='lat' dir='ltr'><strong>divina</strong></span> <span class='ocrx_word' id='word_1_68' title='bbox 810 1711 974 1794; x_wconf 90' lang='lat' dir='ltr'><strong>episcopus</strong></span> <span class='ocrx_word' id='word_1_69' title='bbox 1001 1710 1290 1782; x_wconf 77' lang='lat' dir='ltr'><strong>Transsilvanensis,</strong></span> 
     </span>
     <span class='ocr_line' id='line_1_12' title="bbox 67 1817 1288 1906; baseline -0.004 -22"><span class='ocrx_word' id='word_1_70' title='bbox 67 1820 224 1884; x_wconf 89' lang='lat' dir='ltr'><strong>-dilectus</strong></span> <span class='ocrx_word' id='word_1_71' title='bbox 242 1826 273 1883; x_wconf 89' lang='lat' dir='ltr'><strong>et</strong></span> <span class='ocrx_word' id='word_1_72' title='bbox 289 1820 385 1884; x_wconf 88' lang='lat' dir='ltr'><strong>fidelis</strong></span> <span class='ocrx_word' id='word_1_73' title='bbox 403 1824 521 1893; x_wconf 90' lang='lat' dir='ltr'><strong>noster,</strong></span> <span class='ocrx_word' id='word_1_74' title='bbox 543 1819 630 1882; x_wconf 94' lang='lat' dir='ltr'><strong>nobis</strong></span> <span class='ocrx_word' id='word_1_75' title='bbox 653 1820 807 1882; x_wconf 89' lang='lat' dir='ltr'><strong>humiliter</strong></span> <span class='ocrx_word' id='word_1_76' title='bbox 830 1819 995 1892; x_wconf 85' lang='lat' dir='ltr'><strong>intimavit,</strong></span> <span class='ocrx_word' id='word_1_77' title='bbox 1017 1818 1096 1906; x_wconf 89' lang='lat' dir='ltr'><strong>quod</strong></span> <span class='ocrx_word' id='word_1_78' title='bbox 1112 1817 1288 1881; x_wconf 86' lang='lat' dir='ltr'><strong>lrarissimus</strong></span> 
     </span>
     <span class='ocr_line' id='line_1_13' title="bbox 84 1925 1287 2013; baseline -0.003 -21"><span class='ocrx_word' id='word_1_79' title='bbox 84 1935 179 2013; x_wconf 89' lang='lat' dir='ltr'><strong>pater</strong></span> <span class='ocrx_word' id='word_1_80' title='bbox 204 1935 310 1992; x_wconf 88' lang='lat' dir='ltr'><strong>noster</strong></span> <span class='ocrx_word' id='word_1_81' title='bbox 330 1929 504 2011; x_wconf 89' lang='lat' dir='ltr'><strong>Stephanus</strong></span> <span class='ocrx_word' id='word_1_82' title='bbox 532 1929 658 1991; x_wconf 89' lang='lat' dir='ltr'><strong>illustris</strong></span> <span class='ocrx_word' id='word_1_83' title='bbox 687 1928 837 2011; x_wconf 87' lang='lat' dir='ltr'><strong>quondam</strong></span> <span class='ocrx_word' id='word_1_84' title='bbox 870 1948 924 1990; x_wconf 84' lang='lat' dir='ltr'><strong>rex</strong></span> <span class='ocrx_word' id='word_1_85' title='bbox 946 1927 1108 1991; x_wconf 90' lang='lat' dir='ltr'><strong>reoolende</strong></span> <span class='ocrx_word' id='word_1_86' title='bbox 1131 1925 1287 1998; x_wconf 86' lang='lat' dir='ltr'><strong>memorio,</strong></span> 
     </span>
     <span class='ocr_line' id='line_1_14' title="bbox 11 2032 1289 2120; baseline -0.004 -21"><span class='ocrx_word' id='word_1_87' title='bbox 11 2042 12 2047; x_wconf 76' lang='grc'>’</span> <span class='ocrx_word' id='word_1_88' title='bbox 83 2035 237 2120; x_wconf 87' lang='lat' dir='ltr'><strong>quandam</strong></span> <span class='ocrx_word' id='word_1_89' title='bbox 260 2037 360 2099; x_wconf 83' lang='lat' dir='ltr'><strong>villam</strong></span> <span class='ocrx_word' id='word_1_90' title='bbox 382 2038 542 2101; x_wconf 83' lang='lat' dir='ltr'><strong>Knlusvor</strong></span> <span class='ocrx_word' id='word_1_91' title='bbox 557 2040 691 2101; x_wconf 85' lang='lat' dir='ltr'><strong>vocatam</strong></span> <span class='ocrx_word' id='word_1_92' title='bbox 716 2037 746 2099; x_wconf 91' lang='lat' dir='ltr'><strong>in</strong></span> <span class='ocrx_word' id='word_1_93' title='bbox 766 2037 909 2100; x_wconf 87' lang='lat' dir='ltr'><strong>comitatu</strong></span> <span class='ocrx_word' id='word_1_94' title='bbox 927 2036 965 2099; x_wconf 89' lang='lat' dir='ltr'><strong>de</strong></span> <span class='ocrx_word' id='word_1_95' title='bbox 982 2034 1075 2099; x_wconf 79' lang='lat' dir='ltr'><strong>Culus</strong></span> <span class='ocrx_word' id='word_1_96' title='bbox 1090 2032 1289 2098; x_wconf 86' lang='lat' dir='ltr'><strong>inTranssil-</strong></span> 
     </span>
     <span class='ocr_line' id='line_1_15' title="bbox 84 2141 1289 2227; baseline -0.004 -19"><span class='ocrx_word' id='word_1_97' title='bbox 84 2145 176 2208; x_wconf 90' lang='lat' dir='ltr'><strong>uanis</strong></span> <span class='ocrx_word' id='word_1_98' title='bbox 193 2143 329 2227; x_wconf 89' lang='lat' dir='ltr'><strong>partibus</strong></span> <span class='ocrx_word' id='word_1_99' title='bbox 353 2145 541 2216; x_wconf 83' lang='lat' dir='ltr'><strong>existentem,</strong></span> <span class='ocrx_word' id='word_1_100' title='bbox 564 2145 603 2208; x_wconf 96' lang='lat' dir='ltr'><strong>ob</strong></span> <span class='ocrx_word' id='word_1_101' title='bbox 625 2143 794 2208; x_wconf 90' lang='lat' dir='ltr'><strong>remedium</strong></span> <span class='ocrx_word' id='word_1_102' title='bbox 816 2145 915 2206; x_wconf 89' lang='lat' dir='ltr'><strong>anime</strong></span> <span class='ocrx_word' id='word_1_103' title='bbox 937 2164 1001 2216; x_wconf 90' lang='lat' dir='ltr'><strong>sue,</strong></span> <span class='ocrx_word' id='word_1_104' title='bbox 1029 2144 1164 2208; x_wconf 89' lang='lat' dir='ltr'><strong>ecclesie</strong></span> <span class='ocrx_word' id='word_1_105' title='bbox 1192 2141 1289 2205; x_wconf 88' lang='lat' dir='ltr'><strong>sancti</strong></span> 
     </span>
     <span class='ocr_line' id='line_1_16' title="bbox 84 2252 1287 2337; baseline -0.003 -21"><span class='ocrx_word' id='word_1_106' title='bbox 84 2252 251 2316; x_wconf 83' lang='lat' dir='ltr'><strong>Michaelis</strong></span> <span class='ocrx_word' id='word_1_107' title='bbox 268 2252 306 2315; x_wconf 93' lang='lat' dir='ltr'><strong>de</strong></span> <span class='ocrx_word' id='word_1_108' title='bbox 322 2252 397 2315; x_wconf 79' lang='lat' dir='ltr'><strong>Alba</strong></span> <span class='ocrx_word' id='word_1_109' title='bbox 413 2253 626 2317; x_wconf 84' lang='lat' dir='ltr'><strong>Traussilvana</strong></span> <span class='ocrx_word' id='word_1_110' title='bbox 653 2252 843 2323; x_wconf 89' lang='lat' dir='ltr'><strong>contulisset,</strong></span> <span class='ocrx_word' id='word_1_111' title='bbox 866 2261 898 2315; x_wconf 89' lang='lat' dir='ltr'><strong>et</strong></span> <span class='ocrx_word' id='word_1_112' title='bbox 912 2271 1009 2337; x_wconf 86' lang='lat' dir='ltr'><strong>usque</strong></span> <span class='ocrx_word' id='word_1_113' title='bbox 1025 2252 1062 2314; x_wconf 88' lang='lat' dir='ltr'><strong>ad</strong></span> <span class='ocrx_word' id='word_1_114' title='bbox 1078 2252 1136 2314; x_wconf 91' lang='lat' dir='ltr'><strong>hec</strong></span> <span class='ocrx_word' id='word_1_115' title='bbox 1151 2256 1287 2333; x_wconf 90' lang='lat' dir='ltr'><strong>tempora</strong></span> 
     </span>
     <span class='ocr_line' id='line_1_17' title="bbox 83 2356 1288 2443; baseline -0.002 -21"><span class='ocrx_word' id='word_1_116' title='bbox 83 2359 190 2424; x_wconf 84' lang='lat' dir='ltr'><strong>villam</strong></span> <span class='ocrx_word' id='word_1_117' title='bbox 209 2360 333 2422; x_wconf 92' lang='lat' dir='ltr'><strong>eandem</strong></span> <span class='ocrx_word' id='word_1_118' title='bbox 349 2359 430 2423; x_wconf 91' lang='lat' dir='ltr'><strong>dicta</strong></span> <span class='ocrx_word' id='word_1_119' title='bbox 449 2360 580 2423; x_wconf 89' lang='lat' dir='ltr'><strong>ecclesia</strong></span> <span class='ocrx_word' id='word_1_120' title='bbox 597 2360 788 2442; x_wconf 85' lang='lat' dir='ltr'><strong>possedisset</strong></span> <span class='ocrx_word' id='word_1_121' title='bbox 804 2360 933 2443; x_wconf 85' lang='lat' dir='ltr'><strong>pacifice</strong></span> <span class='ocrx_word' id='word_1_122' title='bbox 946 2365 976 2423; x_wconf 88' lang='lat' dir='ltr'><strong>et</strong></span> <span class='ocrx_word' id='word_1_123' title='bbox 987 2360 1099 2443; x_wconf 88' lang='lat' dir='ltr'><strong>quiete,</strong></span> <span class='ocrx_word' id='word_1_124' title='bbox 1113 2356 1288 2441; x_wconf 91' lang='lat' dir='ltr'><strong>supplicans</strong></span> 
     </span>
     <span class='ocr_line' id='line_1_18' title="bbox 83 2467 1287 2550; baseline -0.003 -20"><span class='ocrx_word' id='word_1_125' title='bbox 83 2467 178 2531; x_wconf 91' lang='lat' dir='ltr'><strong>uobis</strong></span> <span class='ocrx_word' id='word_1_126' title='bbox 196 2485 262 2530; x_wconf 89' lang='lat' dir='ltr'><strong>num</strong></span> <span class='ocrx_word' id='word_1_127' title='bbox 280 2467 425 2530; x_wconf 86' lang='lat' dir='ltr'><strong>instancia</strong></span> <span class='ocrx_word' id='word_1_128' title='bbox 443 2473 475 2530; x_wconf 86' lang='lat' dir='ltr'><strong>ut</strong></span> <span class='ocrx_word' id='word_1_129' title='bbox 492 2467 742 2550; x_wconf 87' lang='lat' dir='ltr'><strong>quemadmodum</strong></span> <span class='ocrx_word' id='word_1_130' title='bbox 759 2487 816 2550; x_wconf 92' lang='lat' dir='ltr'><strong>per</strong></span> <span class='ocrx_word' id='word_1_131' title='bbox 838 2468 938 2550; x_wconf 91' lang='lat' dir='ltr'><strong>ipsum</strong></span> <span class='ocrx_word' id='word_1_132' title='bbox 961 2467 1153 2531; x_wconf 88' lang='lat' dir='ltr'><strong>lrarissimum</strong></span> <span class='ocrx_word' id='word_1_133' title='bbox 1169 2469 1287 2549; x_wconf 89' lang='lat' dir='ltr'><strong>patrem</strong></span> 
     </span>
     <span class='ocr_line' id='line_1_19' title="bbox 83 2572 1287 2646; baseline -0.003 -9"><span class='ocrx_word' id='word_1_134' title='bbox 83 2578 226 2637; x_wconf 91' lang='lat' dir='ltr'><strong>nostrum</strong></span> <span class='ocrx_word' id='word_1_135' title='bbox 247 2574 327 2637; x_wconf 87' lang='lat' dir='ltr'><strong>dicta</strong></span> <span class='ocrx_word' id='word_1_136' title='bbox 348 2574 419 2638; x_wconf 79' lang='lat' dir='ltr'><strong>villa</strong></span> <span class='ocrx_word' id='word_1_137' title='bbox 436 2579 600 2639; x_wconf 88' lang='lat' dir='ltr'><strong>memorate</strong></span> <span class='ocrx_word' id='word_1_138' title='bbox 616 2575 750 2638; x_wconf 88' lang='lat' dir='ltr'><strong>ecclesie</strong></span> <span class='ocrx_word' id='word_1_139' title='bbox 775 2579 823 2639; x_wconf 92' lang='lat' dir='ltr'><strong>est</strong></span> <span class='ocrx_word' id='word_1_140' title='bbox 845 2575 972 2646; x_wconf 88' lang='lat' dir='ltr'><strong>collata,</strong></span> <span class='ocrx_word' id='word_1_141' title='bbox 996 2576 1042 2638; x_wconf 89' lang='lat' dir='ltr'><strong>sic</strong></span> <span class='ocrx_word' id='word_1_142' title='bbox 1066 2581 1098 2636; x_wconf 91' lang='lat' dir='ltr'><strong>et</strong></span> <span class='ocrx_word' id='word_1_143' title='bbox 1114 2594 1169 2636; x_wconf 90' lang='lat' dir='ltr'><strong>uos</strong></span> <span class='ocrx_word' id='word_1_144' title='bbox 1193 2572 1287 2635; x_wconf 89' lang='lat' dir='ltr'><strong>relin-</strong></span> 
     </span>
     <span class='ocr_line' id='line_1_20' title="bbox 11 2681 1287 2768; baseline -0.003 -22"><span class='ocrx_word' id='word_1_145' title='bbox 11 2733 12 2736; x_wconf 63' lang='lat'><strong>,</strong></span> <span class='ocrx_word' id='word_1_146' title='bbox 81 2703 182 2768; x_wconf 89' lang='lat' dir='ltr'><strong>quere</strong></span> <span class='ocrx_word' id='word_1_147' title='bbox 204 2682 263 2765; x_wconf 91' lang='lat' dir='ltr'><strong>ipsi</strong></span> <span class='ocrx_word' id='word_1_148' title='bbox 285 2683 418 2746; x_wconf 86' lang='lat' dir='ltr'><strong>ecclesie</strong></span> <span class='ocrx_word' id='word_1_149' title='bbox 440 2688 471 2747; x_wconf 88' lang='lat' dir='ltr'><strong>et</strong></span> <span class='ocrx_word' id='word_1_150' title='bbox 495 2682 690 2747; x_wconf 90' lang='lat' dir='ltr'><strong>collacionem</strong></span> <span class='ocrx_word' id='word_1_151' title='bbox 716 2684 885 2748; x_wconf 91' lang='lat' dir='ltr'><strong>huiusmodi</strong></span> <span class='ocrx_word' id='word_1_152' title='bbox 912 2686 1070 2755; x_wconf 89' lang='lat' dir='ltr'><strong>innouare,</strong></span> <span class='ocrx_word' id='word_1_153' title='bbox 1098 2681 1287 2762; x_wconf 85' lang='lat' dir='ltr'><strong>benignitate</strong></span> 
     </span>
     <span class='ocr_line' id='line_1_21' title="bbox 11 2790 1286 2874; baseline -0.003 -22"><span class='ocrx_word' id='word_1_154' title='bbox 11 2813 12 2824; x_wconf 54' lang='lat'>¹</span> <span class='ocrx_word' id='word_1_155' title='bbox 80 2791 174 2871; x_wconf 86' lang='lat' dir='ltr'><strong>regia</strong></span> <span class='ocrx_word' id='word_1_156' title='bbox 202 2790 408 2873; x_wconf 78' lang='lat' dir='ltr'><strong>dignaremur,</strong></span> <span class='ocrx_word' id='word_1_157' title='bbox 442 2811 497 2854; x_wconf 92' lang='lat' dir='ltr'><strong>nos</strong></span> <span class='ocrx_word' id='word_1_158' title='bbox 529 2791 630 2873; x_wconf 89' lang='lat' dir='ltr'><strong>itaque</strong></span> <span class='ocrx_word' id='word_1_159' title='bbox 658 2797 830 2856; x_wconf 88' lang='lat' dir='ltr'><strong>sanctorum</strong></span> <span class='ocrx_word' id='word_1_160' title='bbox 858 2792 1085 2874; x_wconf 86' lang='lat' dir='ltr'><strong>progenitorum</strong></span> <span class='ocrx_word' id='word_1_161' title='bbox 1116 2795 1286 2852; x_wconf 89' lang='lat' dir='ltr'><strong>nostrorum</strong></span> 
     </span>
     <span class='ocr_line' id='line_1_22' title="bbox 83 2896 1287 2983; baseline -0.002 -20"><span class='ocrx_word' id='word_1_162' title='bbox 83 2898 231 2980; x_wconf 83' lang='lat' dir='ltr'><strong>vestigijs</strong></span> <span class='ocrx_word' id='word_1_163' title='bbox 255 2898 419 2962; x_wconf 88' lang='lat' dir='ltr'><strong>salubriter</strong></span> <span class='ocrx_word' id='word_1_164' title='bbox 433 2899 610 2962; x_wconf 87' lang='lat' dir='ltr'><strong>inherentes</strong></span> <span class='ocrx_word' id='word_1_165' title='bbox 626 2905 715 2983; x_wconf 90' lang='lat' dir='ltr'><strong>prout</strong></span> <span class='ocrx_word' id='word_1_166' title='bbox 735 2901 830 2964; x_wconf 87' lang='lat' dir='ltr'><strong>eciam</strong></span> <span class='ocrx_word' id='word_1_167' title='bbox 854 2900 950 2964; x_wconf 82' lang='lat' dir='ltr'><strong>officii</strong></span> <span class='ocrx_word' id='word_1_168' title='bbox 979 2900 1073 2964; x_wconf 86' lang='lat' dir='ltr'><strong>nostri</strong></span> <span class='ocrx_word' id='word_1_169' title='bbox 1097 2898 1230 2963; x_wconf 89' lang='lat' dir='ltr'><strong>debitum</strong></span> <span class='ocrx_word' id='word_1_170' title='bbox 1255 2896 1287 2960; x_wconf 91' lang='lat' dir='ltr'><strong>id</strong></span> 
     </span>
     <span class='ocr_line' id='line_1_23' title="bbox 11 3006 1287 3091; baseline -0.001 -21"><span class='ocrx_word' id='word_1_171' title='bbox 11 3033 12 3038; x_wconf 45' lang='lat'>¹</span> <span class='ocrx_word' id='word_1_172' title='bbox 81 3007 232 3090; x_wconf 86' lang='lat' dir='ltr'><strong>requirit,</strong></span> <span class='ocrx_word' id='word_1_173' title='bbox 260 3009 480 3091; x_wconf 86' lang='lat' dir='ltr'><strong>cupientesque</strong></span> <span class='ocrx_word' id='word_1_174' title='bbox 507 3009 633 3072; x_wconf 88' lang='lat' dir='ltr'><strong>eandem</strong></span> <span class='ocrx_word' id='word_1_175' title='bbox 658 3007 818 3072; x_wconf 88' lang='lat' dir='ltr'><strong>eeclesiam</strong></span> <span class='ocrx_word' id='word_1_176' title='bbox 846 3010 876 3071; x_wconf 91' lang='lat' dir='ltr'><strong>in</strong></span> <span class='ocrx_word' id='word_1_177' title='bbox 907 3009 987 3072; x_wconf 90' lang='lat' dir='ltr'><strong>omni</strong></span> <span class='ocrx_word' id='word_1_178' title='bbox 1016 3009 1083 3070; x_wconf 92' lang='lat' dir='ltr'><strong>iure</strong></span> <span class='ocrx_word' id='word_1_179' title='bbox 1106 3028 1161 3070; x_wconf 91' lang='lat' dir='ltr'><strong>sno</strong></span> <span class='ocrx_word' id='word_1_180' title='bbox 1188 3006 1287 3069; x_wconf 94' lang='lat' dir='ltr'><strong>inuin-</strong></span> 
     </span>
     <span class='ocr_line' id='line_1_24' title="bbox 83 3114 1285 3198; baseline -0.002 -20"><span class='ocrx_word' id='word_1_181' title='bbox 83 3114 221 3178; x_wconf 88' lang='lat' dir='ltr'><strong>labiliter</strong></span> <span class='ocrx_word' id='word_1_182' title='bbox 257 3134 441 3179; x_wconf 88' lang='lat' dir='ltr'><strong>conservare</strong></span> <span class='ocrx_word' id='word_1_183' title='bbox 474 3121 534 3178; x_wconf 94' lang='lat' dir='ltr'><strong>tum</strong></span> <span class='ocrx_word' id='word_1_184' title='bbox 570 3116 607 3179; x_wconf 96' lang='lat' dir='ltr'><strong>ob</strong></span> <span class='ocrx_word' id='word_1_185' title='bbox 645 3117 854 3181; x_wconf 85' lang='lat' dir='ltr'><strong>reverenciam</strong></span> <span class='ocrx_word' id='word_1_186' title='bbox 893 3121 924 3178; x_wconf 90' lang='lat' dir='ltr'><strong>et</strong></span> <span class='ocrx_word' id='word_1_187' title='bbox 963 3117 1158 3180; x_wconf 84' lang='lat' dir='ltr'><strong>devociouem</strong></span> <span class='ocrx_word' id='word_1_188' title='bbox 1189 3114 1285 3198; x_wconf 92' lang='lat' dir='ltr'><strong>ipsius</strong></span> 
     </span>
     <span class='ocr_line' id='line_1_25' title="bbox 81 3210 1287 3309; baseline -0.002 -21"><span class='ocrx_word' id='word_1_189' title='bbox 81 3222 223 3288; x_wconf 88' lang='lat' dir='ltr'><strong>ecclesie</strong></span> <span class='ocrx_word' id='word_1_190' title='bbox 261 3227 320 3285; x_wconf 92' lang='lat' dir='ltr'><strong>tum</strong></span> <span class='ocrx_word' id='word_1_191' title='bbox 355 3227 451 3286; x_wconf 87' lang='lat' dir='ltr'><strong>eciam</strong></span> <span class='ocrx_word' id='word_1_192' title='bbox 488 3229 614 3309; x_wconf 92' lang='lat' dir='ltr'><strong>propter</strong></span> <span class='ocrx_word' id='word_1_193' title='bbox 648 3225 771 3289; x_wconf 84' lang='lat' dir='ltr'><strong>eximias</strong></span> <span class='ocrx_word' id='word_1_194' title='bbox 806 3210 968 3288; x_wconf 81' lang='lat' dir='ltr'><strong>fidelitates</strong></span> <span class='ocrx_word' id='word_1_195' title='bbox 1007 3230 1039 3288; x_wconf 89' lang='lat' dir='ltr'><strong>et</strong></span> <span class='ocrx_word' id='word_1_196' title='bbox 1079 3230 1166 3306; x_wconf 83' lang='lat' dir='ltr'><strong>grata</strong></span> <span class='ocrx_word' id='word_1_197' title='bbox 1196 3222 1287 3286; x_wconf 93' lang='lat' dir='ltr'><strong>obse-</strong></span> 
     </span>
     <span class='ocr_line' id='line_1_26' title="bbox 81 3331 1284 3416; baseline -0.001 -22"><span class='ocrx_word' id='word_1_198' title='bbox 81 3333 155 3414; x_wconf 84' lang='lat' dir='ltr'><strong>quia</strong></span> <span class='ocrx_word' id='word_1_199' title='bbox 183 3331 293 3414; x_wconf 88' lang='lat' dir='ltr'><strong>prelati</strong></span> <span class='ocrx_word' id='word_1_200' title='bbox 321 3331 502 3395; x_wconf 84' lang='lat' dir='ltr'><strong>venerabilis</strong></span> <span class='ocrx_word' id='word_1_201' title='bbox 531 3333 624 3416; x_wconf 88' lang='lat' dir='ltr'><strong>patris</strong></span> <span class='ocrx_word' id='word_1_202' title='bbox 653 3353 743 3416; x_wconf 88' lang='lat' dir='ltr'><strong>supra</strong></span> <span class='ocrx_word' id='word_1_203' title='bbox 770 3334 882 3397; x_wconf 89' lang='lat' dir='ltr'><strong>dictam</strong></span> <span class='ocrx_word' id='word_1_204' title='bbox 910 3333 1008 3397; x_wconf 86' lang='lat' dir='ltr'><strong>villam</strong></span> <span class='ocrx_word' id='word_1_205' title='bbox 1030 3333 1189 3395; x_wconf 84' lang='lat' dir='ltr'><strong>ltuluswar</strong></span> <span class='ocrx_word' id='word_1_206' title='bbox 1217 3351 1284 3395; x_wconf 90' lang='lat' dir='ltr'><strong>cum</strong></span> 
     </span>
     <span class='ocr_line' id='line_1_27' title="bbox 81 3439 1286 3527; baseline -0.001 -24"><span class='ocrx_word' id='word_1_207' title='bbox 81 3439 224 3503; x_wconf 90' lang='lat' dir='ltr'><strong>omnibus</strong></span> <span class='ocrx_word' id='word_1_208' title='bbox 242 3439 417 3503; x_wconf 78' lang='lat' dir='ltr'><strong>utilitatibus</strong></span> <span class='ocrx_word' id='word_1_209' title='bbox 434 3445 466 3504; x_wconf 90' lang='lat' dir='ltr'><strong>et</strong></span> <span class='ocrx_word' id='word_1_210' title='bbox 488 3441 682 3524; x_wconf 88' lang='lat' dir='ltr'><strong>pertinenciis</strong></span> <span class='ocrx_word' id='word_1_211' title='bbox 700 3441 764 3505; x_wconf 92' lang='lat' dir='ltr'><strong>suis</strong></span> <span class='ocrx_word' id='word_1_212' title='bbox 785 3441 982 3527; x_wconf 84' lang='lat' dir='ltr'><strong>relinquimus</strong></span> <span class='ocrx_word' id='word_1_213' title='bbox 1002 3445 1159 3524; x_wconf 90' lang='lat' dir='ltr'><strong>prenotate</strong></span> <span class='ocrx_word' id='word_1_214' title='bbox 1183 3440 1286 3503; x_wconf 89' lang='lat' dir='ltr'><strong>ecole-</strong></span> 
     </span>
     <span class='ocr_line' id='line_1_28' title="bbox 81 3548 1287 3633; baseline 0 -23"><span class='ocrx_word' id='word_1_215' title='bbox 81 3549 147 3620; x_wconf 88' lang='lat' dir='ltr'><strong>sie,</strong></span> <span class='ocrx_word' id='word_1_216' title='bbox 176 3553 325 3630; x_wconf 91' lang='lat' dir='ltr'><strong>perpetuo</strong></span> <span class='ocrx_word' id='word_1_217' title='bbox 356 3553 387 3610; x_wconf 93' lang='lat' dir='ltr'><strong>et</strong></span> <span class='ocrx_word' id='word_1_218' title='bbox 412 3548 655 3612; x_wconf 87' lang='lat' dir='ltr'><strong>irreuocabiliter</strong></span> <span class='ocrx_word' id='word_1_219' title='bbox 677 3550 910 3630; x_wconf 89' lang='lat' dir='ltr'><strong>possidendam,</strong></span> <span class='ocrx_word' id='word_1_220' title='bbox 934 3549 1192 3633; x_wconf 86' lang='lat' dir='ltr'><strong>collacionemque</strong></span> <span class='ocrx_word' id='word_1_221' title='bbox 1214 3548 1287 3612; x_wconf 89' lang='lat' dir='ltr'><strong>dicti</strong></span> 
     </span>
     <span class='ocr_line' id='line_1_29' title="bbox 80 3656 1286 3741; baseline -0.001 -21"><span class='ocrx_word' id='word_1_222' title='bbox 80 3657 235 3720; x_wconf 82' lang='lat' dir='ltr'><strong>karissimi</strong></span> <span class='ocrx_word' id='word_1_223' title='bbox 259 3656 356 3739; x_wconf 88' lang='lat' dir='ltr'><strong>patris</strong></span> <span class='ocrx_word' id='word_1_224' title='bbox 373 3659 466 3720; x_wconf 90' lang='lat' dir='ltr'><strong>nostri</strong></span> <span class='ocrx_word' id='word_1_225' title='bbox 483 3663 576 3722; x_wconf 88' lang='lat' dir='ltr'><strong>ratam</strong></span> <span class='ocrx_word' id='word_1_226' title='bbox 594 3656 741 3720; x_wconf 87' lang='lat' dir='ltr'><strong>babentes</strong></span> <span class='ocrx_word' id='word_1_227' title='bbox 766 3659 796 3719; x_wconf 92' lang='lat' dir='ltr'><strong>in</strong></span> <span class='ocrx_word' id='word_1_228' title='bbox 814 3659 871 3722; x_wconf 88' lang='lat' dir='ltr'><strong>bac</strong></span> <span class='ocrx_word' id='word_1_229' title='bbox 895 3664 982 3741; x_wconf 89' lang='lat' dir='ltr'><strong>parte</strong></span> <span class='ocrx_word' id='word_1_230' title='bbox 1006 3659 1185 3721; x_wconf 88' lang='lat' dir='ltr'><strong>auctoritate</strong></span> <span class='ocrx_word' id='word_1_231' title='bbox 1212 3677 1286 3738; x_wconf 90' lang='lat' dir='ltr'><strong>pre-</strong></span> 
     </span>
     <span class='ocr_line' id='line_1_30' title="bbox 79 3763 1284 3849; baseline -0.003 -19"><span class='ocrx_word' id='word_1_232' title='bbox 79 3765 220 3830; x_wconf 88' lang='lat' dir='ltr'><strong>sencium</strong></span> <span class='ocrx_word' id='word_1_233' title='bbox 236 3763 423 3828; x_wconf 87' lang='lat' dir='ltr'><strong>innouamus.</strong></span> <span class='ocrx_word' id='word_1_234' title='bbox 454 3765 597 3829; x_wconf 91' lang='lat' dir='ltr'><strong>Volentes</strong></span> <span class='ocrx_word' id='word_1_235' title='bbox 615 3773 646 3827; x_wconf 92' lang='lat' dir='ltr'><strong>ut</strong></span> <span class='ocrx_word' id='word_1_236' title='bbox 662 3766 727 3849; x_wconf 91' lang='lat' dir='ltr'><strong>ipsa</strong></span> <span class='ocrx_word' id='word_1_237' title='bbox 744 3765 814 3829; x_wconf 86' lang='lat' dir='ltr'><strong>villa</strong></span> <span class='ocrx_word' id='word_1_238' title='bbox 832 3766 1023 3848; x_wconf 90' lang='lat' dir='ltr'><strong>possideatur</strong></span> <span class='ocrx_word' id='word_1_239' title='bbox 1044 3785 1101 3847; x_wconf 91' lang='lat' dir='ltr'><strong>per</strong></span> <span class='ocrx_word' id='word_1_240' title='bbox 1123 3763 1284 3828; x_wconf 88' lang='lat' dir='ltr'><strong>eeclesiam</strong></span> 
     </span>
     <span class='ocr_line' id='line_1_31' title="bbox 79 3873 1285 3957; baseline -0.001 -21"><span class='ocrx_word' id='word_1_241' title='bbox 79 3878 298 3944; x_wconf 87' lang='lat' dir='ltr'><strong>memoratam,</strong></span> <span class='ocrx_word' id='word_1_242' title='bbox 321 3873 399 3936; x_wconf 90' lang='lat' dir='ltr'><strong>siout</strong></span> <span class='ocrx_word' id='word_1_243' title='bbox 415 3893 471 3956; x_wconf 90' lang='lat' dir='ltr'><strong>per</strong></span> <span class='ocrx_word' id='word_1_244' title='bbox 487 3873 682 3937; x_wconf 85' lang='lat' dir='ltr'><strong>collacionem</strong></span> <span class='ocrx_word' id='word_1_245' title='bbox 698 3873 795 3957; x_wconf 91' lang='lat' dir='ltr'><strong>ipsius</strong></span> <span class='ocrx_word' id='word_1_246' title='bbox 813 3873 964 3937; x_wconf 81' lang='lat' dir='ltr'><strong>karissimi</strong></span> <span class='ocrx_word' id='word_1_247' title='bbox 987 3877 1081 3957; x_wconf 90' lang='lat' dir='ltr'><strong>patris</strong></span> <span class='ocrx_word' id='word_1_248' title='bbox 1097 3874 1192 3937; x_wconf 88' lang='lat' dir='ltr'><strong>nostri</strong></span> <span class='ocrx_word' id='word_1_249' title='bbox 1209 3874 1285 3936; x_wconf 87' lang='lat' dir='ltr'><strong>hac-</strong></span> 
     </span>
     <span class='ocr_line' id='line_1_32' title="bbox 78 3980 1283 4067; baseline 0.002 -23"><span class='ocrx_word' id='word_1_250' title='bbox 78 3987 171 4047; x_wconf 90' lang='lat' dir='ltr'><strong>tenus</strong></span> <span class='ocrx_word' id='word_1_251' title='bbox 189 3987 237 4043; x_wconf 88' lang='lat' dir='ltr'><strong>est</strong></span> <span class='ocrx_word' id='word_1_252' title='bbox 253 4001 406 4064; x_wconf 88' lang='lat' dir='ltr'><strong>possessa.</strong></span> <span class='ocrx_word' id='word_1_253' title='bbox 431 3983 462 4045; x_wconf 92' lang='lat' dir='ltr'><strong>ln</strong></span> <span class='ocrx_word' id='word_1_254' title='bbox 481 3983 568 4045; x_wconf 90' lang='lat' dir='ltr'><strong>cuius</strong></span> <span class='ocrx_word' id='word_1_255' title='bbox 590 3986 633 4044; x_wconf 89' lang='lat' dir='ltr'><strong>rei</strong></span> <span class='ocrx_word' id='word_1_256' title='bbox 657 3984 829 4044; x_wconf 88' lang='lat' dir='ltr'><strong>memoriam</strong></span> <span class='ocrx_word' id='word_1_257' title='bbox 852 3980 1084 4066; x_wconf 82' lang='lat' dir='ltr'><strong>firmitatemque</strong></span> <span class='ocrx_word' id='word_1_258' title='bbox 1105 3988 1283 4067; x_wconf 89' lang='lat' dir='ltr'><strong>perpetuam</strong></span> 
     </span>
     <span class='ocr_line' id='line_1_33' title="bbox 76 4089 1283 4174; baseline 0.002 -22"><span class='ocrx_word' id='word_1_259' title='bbox 76 4095 242 4174; x_wconf 84' lang='lat' dir='ltr'><strong>presentes</strong></span> <span class='ocrx_word' id='word_1_260' title='bbox 265 4091 472 4154; x_wconf 88' lang='lat' dir='ltr'><strong>concessimus</strong></span> <span class='ocrx_word' id='word_1_261' title='bbox 493 4090 608 4154; x_wconf 88' lang='lat' dir='ltr'><strong>litteras</strong></span> <span class='ocrx_word' id='word_1_262' title='bbox 632 4089 764 4172; x_wconf 87' lang='lat' dir='ltr'><strong>duplicis</strong></span> <span class='ocrx_word' id='word_1_263' title='bbox 784 4090 878 4172; x_wconf 87' lang='lat' dir='ltr'><strong>sigilli</strong></span> <span class='ocrx_word' id='word_1_264' title='bbox 895 4091 991 4154; x_wconf 88' lang='lat' dir='ltr'><strong>nostri</strong></span> <span class='ocrx_word' id='word_1_265' title='bbox 1009 4092 1172 4155; x_wconf 88' lang='lat' dir='ltr'><strong>munimine</strong></span> <span class='ocrx_word' id='word_1_266' title='bbox 1193 4091 1283 4154; x_wconf 88' lang='lat' dir='ltr'><strong>robo-</strong></span> 
     </span>
     <span class='ocr_line' id='line_1_34' title="bbox 75 4196 1281 4281; baseline 0 -19"><span class='ocrx_word' id='word_1_267' title='bbox 75 4204 172 4262; x_wconf 87' lang='lat' dir='ltr'><strong>ratas.</strong></span> <span class='ocrx_word' id='word_1_268' title='bbox 197 4196 307 4261; x_wconf 86' lang='lat' dir='ltr'><strong>Datum</strong></span> <span class='ocrx_word' id='word_1_269' title='bbox 334 4217 391 4279; x_wconf 93' lang='lat' dir='ltr'><strong>per</strong></span> <span class='ocrx_word' id='word_1_270' title='bbox 418 4219 520 4262; x_wconf 91' lang='lat' dir='ltr'><strong>manus</strong></span> <span class='ocrx_word' id='word_1_271' title='bbox 548 4197 731 4261; x_wconf 78' lang='lat' dir='ltr'><strong>venerabilis</strong></span> <span class='ocrx_word' id='word_1_272' title='bbox 748 4198 806 4260; x_wconf 91' lang='lat' dir='ltr'><strong>viri</strong></span> <span class='ocrx_word' id='word_1_273' title='bbox 834 4199 970 4281; x_wconf 83' lang='lat' dir='ltr'><strong>magistri</strong></span> <span class='ocrx_word' id='word_1_274' title='bbox 996 4199 1152 4262; x_wconf 81' lang='lat' dir='ltr'><strong>benedicti</strong></span> <span class='ocrx_word' id='word_1_275' title='bbox 1175 4205 1281 4262; x_wconf 87' lang='lat' dir='ltr'><strong>sancte</strong></span> 
     </span>
     <span class='ocr_line' id='line_1_35' title="bbox 78 4305 1282 4390; baseline 0 -20"><span class='ocrx_word' id='word_1_276' title='bbox 78 4305 302 4386; x_wconf 85' lang='lat' dir='ltr'><strong>Strignnieusis</strong></span> <span class='ocrx_word' id='word_1_277' title='bbox 316 4305 447 4368; x_wconf 88' lang='lat' dir='ltr'><strong>ecclesie</strong></span> <span class='ocrx_word' id='word_1_278' title='bbox 460 4305 551 4369; x_wconf 90' lang='lat' dir='ltr'><strong>electi</strong></span> <span class='ocrx_word' id='word_1_279' title='bbox 569 4306 765 4389; x_wconf 88' lang='lat' dir='ltr'><strong>eiusdemque</strong></span> <span class='ocrx_word' id='word_1_280' title='bbox 782 4306 842 4370; x_wconf 92' lang='lat' dir='ltr'><strong>loci</strong></span> <span class='ocrx_word' id='word_1_281' title='bbox 864 4306 981 4369; x_wconf 90' lang='lat' dir='ltr'><strong>comitis</strong></span> <span class='ocrx_word' id='word_1_282' title='bbox 998 4307 1148 4390; x_wconf 86' lang='lat' dir='ltr'><strong>perpetui,</strong></span> <span class='ocrx_word' id='word_1_283' title='bbox 1168 4327 1282 4389; x_wconf 92' lang='lat' dir='ltr'><strong>prepo-</strong></span> 
     </span>
     <span class='ocr_line' id='line_1_36' title="bbox 78 4412 1278 4478; baseline 0 -1"><span class='ocrx_word' id='word_1_284' title='bbox 78 4416 130 4478; x_wconf 88' lang='lat' dir='ltr'><strong>siti</strong></span> <span class='ocrx_word' id='word_1_285' title='bbox 147 4413 300 4477; x_wconf 90' lang='lat' dir='ltr'><strong>Budensis</strong></span> <span class='ocrx_word' id='word_1_286' title='bbox 317 4417 347 4476; x_wconf 90' lang='lat' dir='ltr'><strong>et</strong></span> <span class='ocrx_word' id='word_1_287' title='bbox 365 4412 432 4476; x_wconf 90' lang='lat' dir='ltr'><strong>aule</strong></span> <span class='ocrx_word' id='word_1_288' title='bbox 449 4417 554 4476; x_wconf 88' lang='lat' dir='ltr'><strong>nostre</strong></span> <span class='ocrx_word' id='word_1_289' title='bbox 572 4413 830 4478; x_wconf 82' lang='lat' dir='ltr'><strong>vicecancellarii</strong></span> <span class='ocrx_word' id='word_1_290' title='bbox 856 4413 960 4478; x_wconf 89' lang='lat' dir='ltr'><strong>dilecti</strong></span> <span class='ocrx_word' id='word_1_291' title='bbox 989 4418 1020 4476; x_wconf 92' lang='lat' dir='ltr'><strong>et</strong></span> <span class='ocrx_word' id='word_1_292' title='bbox 1047 4413 1147 4478; x_wconf 87' lang='lat' dir='ltr'><strong>tidelis</strong></span> <span class='ocrx_word' id='word_1_293' title='bbox 1174 4415 1278 4478; x_wconf 87' lang='lat' dir='ltr'><strong>nostri.</strong></span> 
     </span>
     <span class='ocr_line' id='line_1_37' title="bbox 78 4519 1282 4606; baseline -0.001 -21"><span class='ocrx_word' id='word_1_294' title='bbox 78 4524 165 4586; x_wconf 77' lang='lat' dir='ltr'><strong>Anno</strong></span> <span class='ocrx_word' id='word_1_295' title='bbox 179 4521 291 4584; x_wconf 90' lang='lat' dir='ltr'><strong>domini</strong></span> <span class='ocrx_word' id='word_1_296' title='bbox 307 4520 466 4584; x_wconf 92' lang='lat' dir='ltr'><strong>millesimo</strong></span> <span class='ocrx_word' id='word_1_297' title='bbox 490 4519 555 4583; x_wconf 72' lang='lat'><strong>(30⁰</strong></span> <span class='ocrx_word' id='word_1_298' title='bbox 576 4522 801 4605; x_wconf 86' lang='lat' dir='ltr'><strong>septuagesimo</strong></span> <span class='ocrx_word' id='word_1_299' title='bbox 824 4523 944 4606; x_wconf 87' lang='lat' dir='ltr'><strong>quinto,</strong></span> <span class='ocrx_word' id='word_1_300' title='bbox 968 4524 1055 4604; x_wconf 84' lang='lat' dir='ltr'><strong>regui</strong></span> <span class='ocrx_word' id='word_1_301' title='bbox 1072 4526 1170 4586; x_wconf 87' lang='lat' dir='ltr'><strong>autem</strong></span> <span class='ocrx_word' id='word_1_302' title='bbox 1186 4523 1282 4585; x_wconf 90' lang='lat' dir='ltr'><strong>nostri</strong></span> 
     </span>
    </p>
   </div>
   <div class='ocr_carea' id='block_1_4' title="bbox 0 0 1580 5092">
    <p class='ocr_par' dir='ltr' id='par_1_4' title="bbox 0 0 1580 5092">
     <span class='ocr_line' id='line_1_38' title="bbox 0 0 1580 5092; baseline 0 4"><span class='ocrx_word' id='word_1_303' title='bbox 0 0 1580 5092; x_wconf 95' lang='lat' dir='ltr'><strong> </strong></span> 
     </span>
    </p>
   </div>
  </div>
 </body>
</html>
