3150 5092
315 365 390 438 196

310 542 390 625 apud
407 561 510 605 manus
527 541 719 625 quorumdam
735 539 870 603 indebite
886 538 997 611 habite,
1013 539 1080 601 iure
1096 538 1199 602 debito
1216 559 1272 622 per
1291 536 1508 620 progenitores

310 656 429 714 nostros
442 669 535 731 reges
547 650 655 715 donate
668 654 700 712 et
714 668 871 720 concesse,
890 647 928 710 ad
946 667 998 710 eos
1010 646 1208 730 pertinentes,
1229 645 1376 727 legitimis
1391 665 1507 728 recap-

309 757 502 821 tiuationrbus
519 763 550 821 et
566 758 680 821 eisdem
697 756 917 828 statutionibus,
932 755 1090 840 plurimum
1107 754 1285 836 indigerent.
1303 753 1407 835 Quare
1423 752 1506 816 lide-

309 863 385 929 litati
402 872 502 929 vestre
518 864 644 928 tirmiter
659 864 855 949 precipiendo
867 862 1051 935 mandamus,
1065 869 1211 949 quatenns
1225 868 1357 926 vestrum
1374 862 1504 925 mittatis

307 974 456 1040 hominem
473 995 527 1061 pro
542 976 716 1038 testimonio
734 973 792 1037 tide
809 974 940 1055 dignum,
958 993 1017 1058 quo
1029 980 1172 1055 presente
1188 974 1333 1055 magister
1350 971 1503 1034 blartinus

307 1084 422 1169 Kenye,
439 1085 506 1148 aule
520 1087 622 1147 nostre
638 1083 725 1147 miles
741 1083 916 1167 specialiter
933 1082 971 1147 ad
987 1082 1045 1146 hoc
1062 1080 1221 1165 deputatus
1237 1080 1325 1144 bomo
1341 1084 1447 1143 noster
1463 1079 1505 1141 ad

306 1194 402 1256 facies
425 1193 628 1276 predictarum
652 1193 874 1277 possessionum
891 1192 997 1256 vicinis
1020 1197 1051 1255 et
1078 1192 1292 1255 commetaneis
1319 1188 1498 1253 earumdem

307 1302 379 1366 inibi
406 1300 541 1386 legitime
569 1302 741 1367 conuocatis
763 1301 935 1367 accedendo
961 1302 1045 1384 ipsas
1073 1300 1287 1383 possessiones
1320 1302 1502 1364 monasterii

309 1410 513 1493 supradictas,
537 1412 656 1475 nomine
680 1412 787 1475 iurium
816 1410 1005 1481 eorumdem,
1032 1415 1201 1494 statuatque
1227 1410 1303 1494 ipsis
1327 1414 1387 1471 mm
1415 1408 1502 1473 dicto

308 1518 437 1582 ilenrico
454 1517 554 1583 abbati
571 1524 601 1583 et
619 1540 673 1583 suo
690 1522 852 1583 conuentui
866 1520 932 1583 iure
948 1520 1031 1603 ipsos
1048 1519 1215 1601 attingente
1230 1523 1377 1602 perpetuo
1394 1518 1500 1600 possi-

308 1629 434 1701 dendas,
447 1630 473 1692 si
489 1649 545 1693 non
562 1629 652 1693 fuerit
667 1628 894 1694 contradictum.
912 1626 1156 1693 contradictores
1167 1649 1250 1699 vero,
1266 1628 1294 1691 si
1309 1627 1360 1711 qui
1370 1627 1501 1701 fuerint,

307 1741 414 1801 euocet
429 1735 552 1800 eosdem
569 1742 672 1801 contra
684 1736 859 1817 religiosum
874 1736 969 1800 virum
985 1736 1108 1800 tratrem
1126 1736 1286 1799 henricum
1299 1736 1442 1800 abbatem
1464 1739 1501 1799 et

309 1866 393 1909 suum
422 1851 599 1911 conventum
627 1846 658 1908 in
683 1850 812 1909 nostram
835 1848 1018 1929 presentiam
1035 1845 1073 1910 ad
1088 1845 1247 1910 terminum
1269 1850 1495 1929 competentem

306 1956 451 2019 rationem
478 1956 723 2020 contradictionis
744 1955 926 2018 reddituros.
952 1954 989 2017 lit
1012 1962 1080 2039 post
1102 1954 1159 2018 bec
1177 1956 1267 2019 totius
1286 1954 1358 2018 facti
1382 1956 1497 2019 seriem

306 2065 393 2128 nobis
410 2064 569 2129 referendo
585 2064 770 2129 rescribatis.
788 2065 895 2128 Datum
912 2065 995 2128 Bude
1010 2067 1131 2129 infesto
1148 2064 1181 2128 S.
1198 2064 1343 2129 lobannis
1357 2065 1497 2148 Baptiste

306 2194 382 2237 anno
399 2174 511 2237 domini
524 2173 670 2239 milesimo
688 2174 893 2238 ducentesimo
906 2168 1099 2256 nonagesimo
1116 2180 1210 2238 serto.

839 2362 947 2432 cclv.

782 2499 863 2558 1296.
881 2500 926 2554 20·
946 2499 1009 2554 Juli.

392 2608 525 2671 Andreas
543 2608 591 2671 dei
610 2608 714 2687 gracia
731 2609 894 2690 Hungarie,
907 2607 1068 2681 Dalmaoie,
1087 2606 1224 2681 Crusinie,
1242 2609 1341 2679 Rame,
1358 2610 1492 2694 Sempe,

303 2713 445 2798 Gallycie,
460 2716 650 2801 hodomyrie‚
660 2716 815 2791 Cumanis,
825 2718 1027 2803 Bnlgarieque
1038 2738 1100 2781 rex.
1114 2718 1258 2782 Omnibus
1267 2716 1380 2781 Christi
1392 2718 1495 2783 tideli-

301 2826 431 2889 bustam
449 2826 640 2908 presentibus
656 2846 743 2911 quam
761 2827 869 2889 futuris
885 2825 1010 2889 salutem
1026 2828 1056 2889 in
1070 2826 1186 2889 domino
1200 2827 1420 2909 sempiternam.
1438 2828 1487 2891 Ad

301 2935 508 2997 uniuersorum
526 2935 666 2998 noticiam
683 2932 785 2998 harum
800 2935 935 3000 volumus
947 2955 1035 3016 serpe
1046 2936 1212 2999 litterarum
1227 2936 1396 3017 peruenire,
1409 2937 1491 3020 quod

300 3042 473 3108 Dominious
491 3043 569 3107 filius
587 3044 719 3108 Ladinlai
741 3044 779 3107 de
797 3045 971 3109 Cbebelolcu
986 3046 1023 3109 ad
1041 3049 1173 3108 nostram
1191 3045 1338 3109 accedens
1361 3066 1491 3128 presen-

299 3151 376 3215 ciam
393 3154 509 3215 nomino
532 3173 586 3217 suo
610 3155 641 3215 et
658 3153 776 3215 nomine
791 3152 891 3216 Luhas
908 3154 1009 3217 fratris
1026 3154 1074 3219 sui
1098 3155 1256 3218 confessus
1273 3157 1322 3216 est
1337 3153 1488 3235 quandam

299 3264 409 3323 terram
420 3262 513 3325 Puud
521 3266 654 3325 vocatam
668 3281 754 3345 quam
768 3263 980 3345 progenitores
993 3264 1040 3326 sui
1051 3264 1156 3326 Petrus
1172 3263 1314 3327 videlicet
1328 3266 1360 3324 et
1374 3262 1490 3325 hadin-

298 3367 362 3433 laus
380 3390 415 3432 ex
431 3369 597 3433 collacione
613 3372 697 3453 regis
714 3371 795 3442 Bele,
812 3372 913 3435 felicis
929 3372 1153 3437 recordacionis
1169 3371 1334 3435 babuerunt
1350 3377 1382 3435 et
1396 3378 1489 3435 tenu·

298 3482 387 3541 erunt
410 3483 499 3561 prout
520 3478 552 3540 in
575 3477 737 3562 priuilegio
755 3479 852 3563 ipsius
870 3477 960 3561 ’regis
986 3481 1059 3544 Bele
1080 3480 1208 3543 vidimus
1224 3480 1372 3544 contineri
1399 3481 1485 3563 capi-

297 3586 358 3649 tulo
385 3586 518 3651 ecclesie
545 3585 626 3650 beati
654 3586 810 3651 Michaelis
836 3589 1011 3672 archangeli
1032 3590 1230 3653 Transiluane
1251 3608 1306 3669 per
1324 3587 1480 3672 predictos

297 3694 420 3759 Petrum
435 3698 467 3759 et
482 3694 654 3759 budizlaum
679 3716 733 3779 pro
760 3696 904 3779 remedyo
921 3700 1081 3761 animarum
1099 3718 1218 3762 suarum
1236 3698 1331 3762 fuisse
1342 3696 1483 3762 donatam

301 3810 332 3867 et
348 3803 427 3867 idem
443 3803 616 3867 Dominious
631 3804 797 3887 predictam
815 3805 1009 3870 donacionem
1026 3809 1122 3889 patris
1137 3828 1194 3891 sup
1209 3842 1247 3853 —
1267 3806 1378 3869 laetam
1393 3806 1440 3869 sui
1457 3810 1488 3869 et

297 3913 451 3976 memorati
475 3914 577 3976 fratris
603 3914 649 3976 sui
677 3916 796 3978 nomine
822 3920 916 3978 ratam
944 3914 1046 3980 babuit
1063 3920 1095 3978 et
1119 3921 1283 3999 acceptam.
1308 3914 1371 3977 Nos
1392 3915 1485 3996 igitur

295 4024 457 4107 perspicue
485 4023 737 4087 consideracionis
764 4023 952 4088 attendentes
988 4024 1066 4110 quod
1093 4044 1149 4097 ea,
1185 4045 1244 4108 que
1272 4024 1321 4087 dei
1344 4044 1411 4086 cum
1435 4024 1485 4108 pia

297 4132 463 4197 dcuooione
479 4131 610 4196 fidelium
638 4141 706 4197 sunt
731 4132 839 4196 collata
866 4152 961 4215 regyo
978 4132 1091 4197 debent
1102 4134 1268 4217 patrocinio
1283 4132 1431 4205 roborari,
1449 4153 1484 4197 ac

296 4240 434 4306 roborata
458 4242 650 4315 conseruari,
673 4241 868 4306 donacionem
891 4242 1053 4305 eorundem
1071 4242 1153 4305 Petri
1176 4249 1206 4305 et
1228 4241 1371 4323 hadinlay
1385 4260 1422 4304 ac
1439 4278 1483 4289 —

297 4350 323 4413 is
339 4350 601 4423 descendendum,
626 4352 684 4436 ipsi
700 4352 831 4435 capitulo
848 4349 970 4414 Albensi
989 4352 1068 4413 iuste
1083 4357 1116 4414 ut
1137 4351 1328 4433 promisimus
1349 4358 1382 4413 et
1403 4349 1483 4433 legi-

295 4459 367 4523 time
378 4460 498 4532 factam,
515 4459 552 4522 ad
569 4460 743 4523 instanciam
760 4466 791 4523 et
806 4460 987 4543 peticionem
1004 4459 1139 4540 ejusdem
1164 4458 1285 4541 capituli
1308 4460 1484 4524 auctoritate

295 4604 339 4615 —-
355 4588 383 4630 m
399 4588 435 4631 en
449 4574 532 4631 certa
545 4568 677 4631 sciencia
695 4568 830 4632 duximus
847 4567 1088 4633 confirmandam.
1102 4570 1134 4632 ln
1148 4568 1233 4651 cujus
1251 4569 1297 4632 rei
1309 4569 1483 4633 memoriam
