3150 5092
312 350 385 424 152

309 526 479 592 charissimi
490 525 615 592 vidimus
627 525 785 599 contineri,
795 525 979 611 reliquimus,
987 524 1157 590 donavimus
1168 527 1411 592 eteoncessimus
1429 526 1497 590 eis·

311 634 378 700 dem
403 633 539 700 fidelibus
558 634 727 719 hospitibus
748 636 860 700 nostris
876 634 914 698 de
928 633 1045 698 Karaho
1060 634 1186 719 pacifice
1201 640 1233 700 et
1252 634 1497 701 irrevocabiliter

308 741 519 827 possidendam
546 748 576 807 et
602 742 767 808 habendam
788 744 924 809 volentes
946 742 1024 828 quod
1054 743 1144 826 ijdem
1172 745 1308 830 hospites
1332 746 1431 809 nostri
1455 742 1497 806 de

308 851 424 916 Karaho
441 851 546 916 eadem
561 852 711 936 gaudeant
726 856 757 916 et
771 858 966 936 permaneant
980 852 1130 928 libertate,
1146 874 1233 939 quam
1248 854 1355 918 iisdem
1370 853 1496 918 scilicet

308 981 361 1026 rex
377 966 462 1046 pater
475 966 579 1026 noster
592 960 784 1026 charissimus
802 962 951 1027 mediante
968 981 1032 1025 suo¹
1041 962 1200 1045 priuilegio
1214 962 1405 1046 dignoscitur
1418 982 1497 1026 con·

310 1069 453 1141 cessisse,
469 1075 557 1134 ut-
569 1107 613 1118 -
629 1074 731 1134 nostre
747 1069 918 1134 donationis
933 1090 988 1135 seu
1004 1069 1174 1134 collationis
1189 1071 1285 1136 series
1300 1071 1396 1135 robur
1410 1070 1498 1134 chti-

310 1181 380 1244 nent
393 1182 541 1265 perpetue
559 1177 706 1244 firmitatis
723 1199 780 1244 nec
795 1200 939 1264 processu
962 1183 1126 1262 temporum
1141 1200 1198 1265 per
1212 1182 1379 1265 quempiam
1396 1179 1499 1264 possit

311 1289 359 1352 vel
373 1287 483 1352 debeat
494 1289 628 1354 reuocari
640 1292 799 1372 presentes
815 1288 1018 1353 concessimus
1032 1287 1135 1352 literas
1147 1288 1276 1373 duplicis
1291 1286 1385 1370 sigilli
1397 1285 1497 1350 nostri

310 1396 468 1462 munimine
483 1396 651 1462 roboratas.
669 1396 774 1461 Datum
789 1418 847 1482 per
863 1417 967 1461 manus
988 1397 1150 1462 venerandi
1163 1397 1258 1482 patris
1277 1396 1427 1480 Gregorii
1439 1395 1493 1460 dei

308 1506 405 1589 gratio
421 1507 558 1590 episcopi
581 1505 789 1571 Gennadiensis
812 1506 878 1570 aule
899 1510 1002 1570 nostre
1025 1505 1199 1588 cancellarii
1219 1505 1321 1571 dilecti
1342 1511 1375 1569 et
1394 1504 1497 1569 tidelis

309 1615 414 1687 nostri,
431 1633 507 1680 anno
524 1615 632 1680 domini
644 1614 799 1679 millesimo
809 1614 1232 1697 ducentesimooctuagee'mc
1244 1635 1333 1686 nono,
1347 1615 1497 1677 [tr-—

309 1721 426 1788 decimo
444 1729 559 1790 octavo.

846 1910 954 1982 uhu.

862 2048 943 2106 1289.

399 2160 558 2225 hadirlaus
571 2158 628 2222 Dei
643 2159 747 2242 gracie
760 2158 911 2242 Hungarie
923 2164 982 2224 etc.
998 2178 1061 2224 rex.
1074 2159 1216 2224 Omnibus
1228 2160 1340 2226 Christi
1352 2159 1496 2224 fidelibus

311 2273 372 2332 tam
385 2266 576 2352 presentibus
590 2286 675 2352 quam
692 2268 945 2354 futurispresens
960 2269 1105 2352 scriptum
1116 2271 1309 2354 inspecturis,
1323 2269 1455 2334 salutem
1464 2271 1495 2330 in

314 2395 361 2450 eo,
375 2378 427 2463 qui
435 2376 559 2461 regibus
573 2375 623 2440 det
634 2375 759 2460 gloriam
772 2381 804 2440 et
814 2377 949 2441 salutem.
965 2375 1011 2440 hd
1021 2378 1225 2456 rpinersccum
1237 2379 1378 2443 noticiam
1388 2379 1497 2442 barum

311 2488 393 2551 serie
408 2486 541 2551 volumus
557 2487 724 2570 pervenire.
749 2485 834 2568 Quod
851 2505 918 2550 cum
932 2505 989 2549 nos
1004 2487 1042 2551 ad
1056 2485 1213 2551 ecclesiam
1230 2487 1309 2552 beati
1324 2484 1494 2569 blychaelis

309 2593 490 2659 kathedralis
514 2595 552 2658 da
574 2593 649 2658 Alba
671 2593 816 2658 Transsil.
840 2614 931 2658 cansa
945 2593 1121 2658 devocionis
1135 2596 1379 2666 acoesaisscmue,
1396 2614 1494 2658 cano-

309 2703 368 2768 nici
385 2702 521 2785 ejusdem
537 2702 669 2768 ecclesie
683 2702 768 2767 nobis
784 2702 938 2767 humiliter
949 2703 1163 2788 supplicarunt,
1174 2703 1254 2788 quod
1266 2723 1358 2786 snper
1373 2703 1494 2766 duabus

309 2811 444 2895 partibus
462 2811 565 2876 tributi
586 2810 732 2895 portionis
753 2809 879 2894 regalis,
900 2813 988 2877 tertia
1009 2830 1082 2875 vero
1104 2812 1238 2894 vayuode
1259 2811 1403 2874 Trauesil.
1431 2829 1490 2894 pro

309 2923 445 3004 tempore
462 2922 634 2993 constituto,
647 2925 831 2994 remanente,
843 2921 875 2983 in
886 2919 990 3004 Vynch
1006 2920 1141 2984 interiori
1157 2919 1319 2984 insalihus
1332 2919 1491 3004 aquaticis,

310 3028 563 3094 descendentibus
578 3049 635 3114 per
647 3030 802 3094 blorisium
814 3031 845 3093 in
857 3029 976 3111 nauigio
991 3049 1047 3114 per
1063 3029 1210 3094 dominum
1226 3029 1371 3093 Andream
1387 3048 1494 3111 regem

308 3155 394 3200 auum
415 3142 547 3202 nostrum
570 3136 667 3202 eidem
690 3137 822 3202 ecclesie
845 3137 980 3211 collatis,
1004 3157 1060 3222 pro
1077 3143 1110 3202 ut
1126 3138 1212 3202 nohis
1227 3139 1332 3222 patuit,
1348 3158 1404 3222 per
1419 3138 1493 3202 vni·

311 3263 416 3310 uersos
440 3246 521 3311 viros
538 3247 708 3329 religiosos,
731 3245 845 3311 nobiles
863 3246 1010 3330 Vngaros,
1034 3247 1169 3312 Saxones
1192 3250 1223 3311 et
1246 3245 1374 3330 Syculos
1395 3248 1492 3328 partis

312 3354 476 3418 Trannssil.
493 3355 682 3439 priuilegium
699 3376 800 3420 eorum
819 3354 998 3428 renouando.
1021 3355 1060 3419 ad
1079 3355 1324 3419 testificecionem
1348 3355 1493 3419 nobilium

308 3461 527 3545 predictorum,
557 3468 696 3549 tanquam
731 3463 980 3529 confirmatorium
1010 3464 1125 3528 eisdem
1169 3463 1241 3528 dare
1271 3469 1309 3530 eh
1339 3465 1490 3536 conferre.

308 3571 347 3635 de
363 3571 547 3654 benignitate
563 3573 648 3656 regia
660 3573 860 3656 dignaremur.
878 3573 964 3656 Quod
973 3573 1093 3659 quidem
1109 3573 1270 3638 eorundem
1286 3572 1489 3657 priuilegium,

309 3699 417 3762 arege
431 3681 549 3745 Andrea
565 3683 610 3746 cla
633 3719 677 3729 -
696 3719 733 3730 -
755 3721 795 3734 -
813 3689 914 3749 nostro
936 3684 1050 3757 datum,
1073 3690 1105 3749 et
1128 3703 1321 3756 concessum,
1345 3683 1485 3748 videlicet

310 3789 348 3854 de
368 3789 502 3874 qualibet
527 3793 627 3856 carina
655 3813 709 3857 sen
725 3813 800 3857 naue
822 3813 929 3877 magna
951 3792 1101 3858 dimidiam
1123 3814 1266 3867 marcam,
1289 3794 1327 3858 de
1342 3794 1488 3859 mediocri

310 3916 392 3970 uero,
410 3899 457 3962 uel
474 3919 574 3983 parra,
592 3921 678 3966 unum
691 3903 838 3966 fertonem
853 3907 990 3987 tempore
1001 3902 1129 3968 Geanini
1142 3903 1196 3968 lilii
1208 3904 1309 3968 hlardi
1320 3904 1350 3966 in
1363 3923 1490 3968 concre-

311 4010 445 4072 macione
469 3995 602 4072 ecclesie
625 4009 706 4074 beati
728 4010 884 4074 Michaelis
905 4009 1089 4075 combustum
1110 4013 1283 4077 exstitisset.
1313 4012 1376 4076 Nos
1400 4013 1490 4097 igitur

310 4117 397 4182 iustis
420 4137 456 4180 ae
480 4116 622 4200 legitimis
648 4117 849 4203 peticionibus
876 4121 1038 4184 eorundem
1064 4122 1187 4186 fratrum
1210 4123 1431 4196 canonicorum,
1459 4122 1494 4186 de

311 4223 422 4308 pietate
446 4225 531 4308 regia
558 4225 764 4291 favorabiliter
790 4226 936 4302 inclinati,
960 4229 1140 4312 peticionem
1169 4231 1330 4296 eorundem
1358 4230 1490 4295 duximus

306 4331 534 4408 admittendam,
563 4339 594 4398 et
616 4335 727 4399 factum
754 4355 809 4400 seu
836 4337 1003 4402 institutum
1030 4339 1126 4423 ipsius
1147 4338 1298 4404 karissimi
1319 4341 1371 4404 ari·
1388 4340 1491 4411 nostri,
1556 4416 1557 4425 ἶ

304 4441 479 4505 auctoritate
490 4443 683 4526 presencium
705 4443 948 4516 confirmandum,
964 4447 1169 4530 precipientes
1189 4447 1491 4531 wayuodisomnibus
1556 4486 1557 4489 =

305 4550 453 4615 Transsil.
474 4570 529 4635 pro
551 4554 687 4636 tempore
714 4557 885 4620 constitutis
901 4561 934 4620 ut
949 4556 977 4618 in
994 4557 1197 4640 percepcione
1213 4556 1341 4623 duarum
1362 4558 1492 4643 parcium
1556 4550 1557 4625 i
