3150 5092
663 1455 688 1524 l.

634 1589 715 1644 1165.

167 1696 278 1760 Notum
318 1697 358 1760 sit
391 1697 528 1790 omnihus
556 1697 745 1782 principibus
779 1698 836 1762 suh
869 1698 982 1763 ditione
1008 1700 1093 1781 regis
1126 1699 1278 1779 Hungorie

4 1852 9 1859 .
68 1802 287 1874 existentibus,
304 1809 364 1866 tam
380 1805 544 1878 modernis,
562 1825 649 1888 quam
667 1807 818 1890 posteris:
841 1806 927 1888 Quod
944 1826 1003 1889 ego
1016 1807 1200 1895 Stephanus
1218 1806 1274 1870 Dei

67 1914 172 1994 gratia
190 1911 340 1988 sublimis,
358 1933 393 1976 ac
413 1913 612 1997 triumphator·
629 1914 839 1995 Hungarorum
860 1934 924 1987 rex,
954 1915 1055 1998 Geyse
1079 1915 1275 1978 illustrissimi

52 2019 162 2102 ‚regis
185 2019 282 2090 filius,
313 2022 433 2101 paterni
456 2021 544 2101 regni
568 2021 774 2100 gubernacula
799 2022 863 2084 Deo
887 2007 1035 2086 annitente
1058 2023 1214 2093 obtinens,
1237 2022 1275 2085 ad

67 2127 243 2191 remedium
267 2128 366 2190 anime
381 2129 477 2211 patris
497 2129 566 2205 mei,
593 2148 720 2213 meeque
737 2131 836 2202 saluti,
859 2135 890 2193 et
906 2132 1031 2193 fratrum
1047 2128 1181 2212 meorum
1196 2149 1271 2214 pro-

66 2235 192 2305 videns,
209 2235 392 2298 monasterio
405 2236 489 2300 Alani
500 2236 596 2308 ducis,
622 2236 651 2299 in
669 2236 813 2301 honorem
826 2239 860 2301 S.
873 2238 1082 2326 Morpuretho
1096 2238 1127 2301 in
1144 2237 1273 2304 Moches
1382 2327 1386 2332 .

68 2346 248 2406 constructo
272 2342 349 2406 hanc
371 2343 593 2426 helemosynam
615 2346 746 2408 institui:
775 2350 809 2409 ut
832 2347 1003 2430 quicunque
1026 2346 1203 2409 deserentes
1228 2345 1273 2407 sal

66 2470 127 2534 per
142 2455 261 2532 portam
275 2450 399 2514 Moches
415 2453 589 2523 transirent,
607 2452 645 2515 de
662 2451 791 2534 singulis
808 2453 948 2517 curribus
965 2455 1004 2517 de
1021 2475 1079 2530 uuo
1096 2453 1272 2529 salinorum,

69 2556 111 2620 ad
127 2559 246 2638 regiam
262 2563 378 2641 partem
395 2559 625 2642 pertinentium,
651 2579 739 2622 unum
761 2559 893 2643 lapidem
914 2561 986 2624 salis
1009 2561 1268 2645 predictomona-

69 2666 169 2728 sterio
183 2665 298 2727 darent.
316 2649 350 2728 Si
362 2686 433 2729 vero
447 2666 622 2749 contigerit,
641 2667 719 2751 quod
732 2666 892 2750 aliquando
910 2688 963 2751 pro
983 2667 1096 2731 salihus
1117 2667 1267 2751 predictis

71 2773 216 2834 denarios
232 2773 261 2835 in
279 2776 395 2856 partem
410 2775 495 2855 regis
510 2775 692 2857 acceperint,
710 2775 748 2838 de
761 2775 890 2855 singulis
903 2775 1041 2839 curribus
1057 2777 1146 2839 unius
1162 2774 1272 2857 lapidis

71 2881 215 2962 pretium,
234 2879 271 2950 dc
292 2885 378 2962 parte
390 2881 475 2960 regis
491 2881 630 2963 predicto
645 2868 963 2966 monasteriosemper
974 2865 1117 2948 solvatur.
1147 2883 1271 2947 Factum

71 2992 176 3051 antem
203 2992 251 3050 est
276 2989 334 3052 hoc
362 3008 437 3052 anno
466 2988 615 3052 dominice
642 2989 860 3053 incarnationis
895 2989 1041 3062 MCLXV,
1071 3011 1148 3054 anno
1181 2991 1269 3070 regni

71 3095 134 3158 mci
167 3093 216 3158 lV.¹
249 3114 399 3160 consensu
432 3101 607 3160 cunctorum
642 3099 811 3183 principum
847 3117 982 3161 meorum
1009 3080 1078 3162 tam
1111 3099 1273 3182 episcopo-

19 3261 21 3266 .
73 3223 152 3276 rum,
175 3222 262 3286 quam
288 3183 447 3277 comitum,
470 3203 636 3267 videlicet:
669 3203 753 3267 Luce
785 3203 1004 3286 strigoniensis
1036 3205 1271 3290 archiepiscopi,

72 3310 221 3373 Macharii
238 3310 391 3394 episcopi,
414 3301 533 3374 Thomc
557 3299 857 3393 episcopi,·.loannis
874 3313 983 3386 electi,
1007 3313 1124 3396 Ompud
1148 3313 1277 3399 palatini

25 3449 36 3462 ·
74 3417 207 3490 comitis,
225 3417 370 3481 l'ulconic
394 3419 521 3489 comitis,
544 3417 667 3492 Miohud
695 3419 813 3482 comitis
839 3439 1015 3502 preconum,
1039 3421 1119 3485 Esau
1142 3420 1271 3482 comitis.

75 3523 235 3609 Quod‘per
251 3525 407 3588 Bicenium
428 3526 578 3589 notarium
600 3530 735 3589 nostrum
755 3526 850 3590 scribi
879 3528 910 3590 in
939 3508 1043 3591 charta
1066 3529 1215 3611 presenti,
1241 3532 1273 3590 et

74 3654 129 3716 per
171 3633 284 3695 Sudam
328 3635 504 3714 magistrum
549 3632 667 3717 capello
711 3639 814 3696 nostre
846 3635 947 3715 sigillo
979 3636 1067 3716 regie
1107 3635 1272 3715 majestatis

75 3746 179 3804 nostre
204 3741 311 3803 muniri
334 3741 538 3825 precepimus.
568 3740 602 3802 Si
627 3741 693 3825 quis
718 3746 817 3803 autem
847 3743 876 3805 in
902 3748 1057 3825 posterum
1080 3741 1139 3804 hoc
1167 3739 1272 3822 regale

75 3847 256 3912 heneficium
275 3869 292 3911 a
310 3851 493 3912 monasterio
510 3848 647 3931 predicto
664 3849 822 3911 retrahere
835 3848 973 3921 voluerit,
992 3869 1049 3912 non
1069 3850 1166 3924 aliter,
1184 3868 1272 3935 quam

74 3948 203 4028 hostem,
221 3961 252 4018 et
267 3955 480 4038 dissipatorem
497 3969 598 4031 'rerum
616 3956 748 4019 ecclesie
763 3957 848 4020 illum
866 3953 1157 4022 anathematisamus.

473 4132 475 4136 ’
583 4109 586 4117 “
653 4108 691 4177 ll.

521 4250 523 4253 ¹
562 4242 642 4324 1176,
654 4243 698 4296 ao.
713 4230 837 4314 Sapo.
894 4242 897 4247 ⁴

166 4350 337 4435 Capitulum
360 4350 492 4414 ecclesie
508 4343 655 4441 dioensis
680 4328 981 4437 Troooplvonicosis
1002 4349 1137 4413 omnihus
1162 4346 1274 4410 Christi

76 4459 234 4532 fidelihus,
266 4458 479 4550 'presentibus‘
504 4441 540 4524 'et
579 4461 687 4524 futuris
727 4483 857 4547 presens
897 4461 1042 4547 scriptum
1079 4458 1274 4542 inspecturis.

75 4567 211 4631 Salutem
226 4567 258 4628 in
276 4568 403 4630 omnium
420 4567 580 4633 salvatore.
602 4567 765 4652 Perspicua
785 4558 914 4657 humane
928 4568 1114 4659 condicionis
1128 4564 1276 4631 industria

109 4673 453 4719 mmmumm
580 4675 582 4680 ’
668 4713 672 4716 .
1040 4674 1054 4726 l
