3150 5092
1076 375 1079 382 ·
1200 323 1275 394 169

20 487 21 494 1
90 512 259 596 Vacyensi,
275 512 365 576 Petro
381 511 589 583 Transiluano,
605 506 975 591 BenedictoVaradyeusi,
991 501 1140 586 Gregorio
1157 497 1277 563 Chena-

90 622 215 704 dyeusi,
238 620 374 684 «Iohanne
396 619 609 705 Zegrabyensi,
635 619 735 682 Pouka
756 615 933 700 Syrmiensi,
955 618 988 676 et
1001 611 1116 674 Thoma
1131 608 1279 672 Bouneusi

89 731 250 814 episcopis
263 730 409 794 ecclesias
422 729 477 792 Dei
491 728 620 792 feliciter
636 725 880 808 gubernantibus.
893 723 1017 787 Nicolao
1029 719 1158 804 palatino
1171 718 1279 781 comite

87 838 294 922 symigiensi,
331 837 471 901 lohannc
503 837 646 921 magistro
684 836 902 900 tavarnicorum
940 836 1126 901 nostrorum,
1171 827 1279 890 comite

89 933 313 1032 supruniensi,
337 948 449 1012 Thema
472 948 540 1012 vice
557 947 662 1028 judice
683 947 767 1010 curie
794 949 905 1008 nostre.
941 941 1065 1006 Herrico
1086 938 1163 1001 bano
1187 935 1279 1000 totius

88 1055 267 1130 Sclauonie‚
283 1055 415 1122 Rolando
429 1055 573 1140 woyuoda
585 1055 804 1120 Trannsilueuo
821 1061 852 1118 et
867 1052 976 1118 comite
993 1049 1031 1113 de
1044 1046 1154 1111 Zouulr.
1172 1045 1277 1127 bloyus

89 1166 205 1230 comite
221 1165 388 1230 Siculorum
411 1170 589 1240 nostrorum,
607 1164 748 1229 Ledinleo
772 1165 916 1246 magistro
939 1159 1142 1244 dapiferorum
1160 1159 1277 1218 nostro·

20 1365 21 1370 ¹
88 1295 155 1340 rum
180 1282 213 1338 et
229 1273 296 1357 alijs
313 1295 399 1358 quam
416 1274 551 1359 pluribus
573 1273 733 1339 baronibus
757 1273 844 1356 regui
868 1272 963 1336 nostri
977 1268 1134 1334 comitatus
1150 1264 1277 1328 tenenti-

20 1437 21 1440 ,
88 1383 158 1456 bus,
178 1389 210 1448 et
223 1385 364 1449 honores.

610 1570 759 1642 CLXXII.

367 1705 451 1770 1291,
470 1706 495 1761 8.
515 1707 572 1762 liei.
593 1707 682 1762 Gald
700 1707 743 1761 bei
761 1705 1008 1772 weissenburg.

184 1817 249 1882 Nos
266 1837 366 1882 comes
379 1818 560 1882 Benedictus
576 1837 687 1900 gerens
704 1816 938 1900 vicesLadinlay
948 1812 1149 1897 riceuoyvode
1161 1812 1276 1875 Trans-

91 1927 213 1998 silvani,
232 1928 375 1990 memorie
392 1927 634 1991 commendantes
649 1933 754 1991 tenore
776 1925 967 2011 presencium
990 1921 1195 2004 significamus
1212 1919 1277 2003 qui·

20 2035 22 2116 ,
89 2036 146 2101 hus
161 2035 287 2119 expedit
298 2035 455 2106 uniuersis,
468 2035 547 2120 quod
564 2056 630 2100 cum
643 2057 734 2120 super
746 2041 827 2100 terra
843 2032 1071 2100 Joonkatelelrc
1081 2034 1185 2094 vocata
1196 2028 1277 2110 juxta

93 2143 197 2208 uillam
215 2142 340 2227 Cuppan
357 2144 514 2226 adjacenti,
526 2166 581 2229 per
592 2144 746 2208 Nicolaum
759 2144 850 2208 tilium
866 2142 973 2206 blolrou
990 2149 1022 2204 et
1033 2139 1143 2212 hubas,
1160 2159 1175 2200 a
1191 2142 1278 2222 parte

89 2273 163 2326 uus,
189 2259 293 2317 contra
313 2254 471 2336 capitulum
495 2253 626 2316 ecclesie
649 2253 862 2317 Transsilvane
877 2252 999 2315 Nicolao
1032 2250 1070 2314 de
1087 2247 1218 2312 Gumbas
1246 2251 1277 2309 et

89 2361 244 2446 Gregorio
267 2362 305 2426 de
329 2370 432 2426 sancto
449 2363 533 2445 Rege
556 2362 712 2426 comitibus
735 2383 791 2447 per
811 2382 938 2446 regnum
954 2358 1182 2423 Transiluanum
1198 2356 1276 2421 iudi-

91 2471 196 2542 cibus,
223 2471 375 2555 depulntis
399 2471 554 2536 nobiscum
578 2471 826 2545 consedentibus,
850 2470 967 2534 diucius
996 2469 1090 2532 fuisse
1117 2487 1215 2532 coram
1240 2466 1275 2528 L.

20 2589 22 2654 1
88 2581 316 2662 rioevoyouoda
332 2582 468 2663 predicto
485 2582 559 2645 etin
577 2587 676 2645 nostru
690 2582 849 2664 presencia
865 2579 1010 2662 litigatum
1022 2580 1178 2663 ipsumque
1194 2575 1277 2658 capi-

20 2655 23 2706 1

20 2843 22 2888 1

20 2903 22 2942 1

20 2711 22 2792 3
89 2690 186 2752 tulum
203 2690 325 2752 racione
339 2689 529 2773 dampnorum
544 2690 601 2754 sibi
613 2693 642 2753 in
660 2688 864 2774 prouentibus,
874 2695 906 2752 et
916 2686 1092 2752 utilitatibus
1103 2687 1182 2750 dicte
1194 2690 1277 2748 terre

20 2799 22 2838 ³
90 2796 305 2862 luaulrateleke
323 2799 351 2859 in
373 2797 473 2861 ualere
490 2799 685 2880 quadraginta
706 2818 870 2862 marcarum
887 2798 1035 2862 illatorum
1051 2817 1106 2879 per
1124 2795 1276 2858 Nicolaum

20 2947 22 2978 2
89 2907 284 2977 antedictum,
302 2911 405 2969 contra
421 2907 547 2970 eundem
556 2907 709 2971 Nicolaum
722 2911 817 2971 testes
830 2907 998 2991 producere
1010 2925 1108 2970 coram
1121 2904 1206 2968 nobis
1220 2902 1276 2966 de·

20 3001 22 3030 ⁷
90 3014 220 3087 buisset,
238 3036 274 3078 ex
290 3015 398 3086 eltera3
416 3015 498 3078 dicte
514 3023 614 3098 partes
629 3037 664 3080 ex
680 3021 780 3080 nostra
797 3017 994 3100 permissione
1011 3035 1103 3098 super
1117 3013 1275 3097 premissis

91 3125 230 3188 omnibus
255 3125 285 3186 in
303 3123 411 3188 bonum
434 3125 518 3208 pacis
545 3125 737 3190 devenerunt.
765 3126 808 3190 lta
836 3125 978 3189 uidelicet
1004 3124 1082 3208 quod
1111 3126 1277 3207 pretectom

92 3233 274 3316 capitulum,
291 3238 323 3296 ut
348 3238 394 3296 est
416 3232 609 3314 benignitatis
638 3239 668 3297 et
695 3235 808 3298 fauoris
831 3235 963 3298 ecclesie
987 3233 1080 3297 cessit
1099 3231 1275 3315 probacioni

92 3378 136 3387 —-
154 3379 198 3390 -
216 3343 275 3425 ipsi
292 3340 417 3404 Nicolao
435 3361 528 3424 super
549 3341 638 3406 dictis
661 3342 856 3427 quadraginta
878 3363 1044 3407 marcarum
1067 3341 1203 3424 dampnis
1227 3343 1275 3403 in-

91 3448 256 3534 dulgendo.
282 3450 354 3514 ltem
377 3450 468 3532 ijdem
485 3449 625 3514 Nicolaus
643 3457 672 3514 et
688 3450 785 3514 Lucas
808 3452 962 3535 predictus
979 3457 1037 3515 tam
1054 3472 1090 3514 ex
1107 3455 1192 3533 parte
1209 3469 1273 3522 sua,

90 3579 179 3643 quam
198 3579 235 3623 en
251 3567 338 3643 parte
354 3561 481 3623 omnium
499 3561 621 3623 fratrum
639 3559 689 3645 (1)
713 3579 833 3624 suorum
854 3566 943 3645 prout
973 3561 1077 3624 ordine
1118 3558 1274 3622 iudiciario

68 3665 194 3731 ‘contra
213 3667 415 3750 supradictum
435 3670 595 3752 capitulum
619 3689 720 3733 coram
738 3669 822 3733 nobis
840 3677 908 3734 sunt
930 3670 1060 3735 conuicti
1081 3672 1182 3730 nostro
1205 3687 1276 3731 eua-

88 3776 170 3840 miue
188 3775 302 3839 eisdem
315 3776 469 3840 silencium
487 3782 662 3862 perpetuum
679 3780 849 3861 inponente,
867 3782 1170 3864 prenotatamterram
1182 3775 1275 3839 duan·

90 3882 232 3949 kateleke
264 3905 329 3948 cnm
360 3886 494 3950 omnibus
519 3886 694 3951 utilitatibus
716 3888 778 3950 suis
802 3894 832 3952 et
853 3888 1048 3972 pertinenciis
1079 3886 1134 3951 suh
1162 3886 1275 3949 eisdem

91 3994 221 4078 antiquis
250 3995 353 4065 metis,
379 3995 473 4078 signis
502 4016 555 4059 seu
588 3997 723 4060 terminis
749 3996 854 4080 quibus
871 4017 935 4059 eam
954 3998 1097 4079 magister
1120 3994 1274 4058 Emericus

89 4101 195 4165 babuit
217 4107 248 4164 et
262 4103 395 4166 ecclesie
412 4104 492 4167 beati
516 4104 680 4190 Nychaelis
704 4104 818 4187 legauit
841 4107 1027 4190 reliquerunt
1048 4105 1077 4166 in
1100 4104 1175 4167 bona
1197 4123 1272 4186 pace

90 4215 226 4293 pretaeto
251 4213 380 4295 capitulo
405 4217 550 4296 perpetuo
573 4214 782 4298 possidendam
812 4219 843 4278 et
864 4213 1031 4277 habendam
1052 4213 1273 4276 satisfacientes

91 4319 177 4383 uobis
206 4324 237 4383 ut
262 4320 358 4402 judici
390 4323 418 4384 iu
443 4321 569 4403 judiciis
597 4344 689 4406 super
717 4323 825 4407 quihus
855 4329 958 4386 contra
986 4322 1082 4404 ipsum
1111 4320 1273 4404 capitulum

92 4426 325 4492 dinoscebantur
342 4432 532 4494 remansisse.
557 4432 628 4495 ltem
652 4438 810 4516 presentes
836 4433 865 4494 iu
887 4429 1088 4494 testimonium
1109 4450 1165 4512 rey
1186 4436 1275 4511 geste

92 4536 217 4618 sigillari
244 4538 370 4603 fecimus
395 4538 495 4622 sigillo
517 4539 591 4603 dicti
614 4541 688 4604 Led.
712 4541 944 4626 vicewoyouode
968 4539 1077 4605 domini
1101 4538 1196 4603 nostri
1219 4558 1273 4625 per
