3150 5092
528 806 608 870 raso,
629 808 672 861 rr.
691 806 773 879 epm.

20 986 22 995 ¹
146 916 213 981 Nos
246 915 406 1001 capitulum
438 916 569 983 ecclesie
601 916 630 980 b.
659 915 815 981 Michaelis
847 915 1020 998 archangeli
1045 916 1251 981 Transilvanie

19 1010 22 1041 l

19 1056 21 1099 l

18 1230 21 1291 i

18 1294 20 1327 ι

17 1508 19 1523 l

63 1026 249 1109 presentium
265 1046 321 1111 per
337 1034 471 1091 tenorem
494 1026 698 1110 significamus
715 1024 823 1111 quibus
847 1026 967 1108 expedit
983 1028 1140 1089 universis.
1165 1026 1251 1109 Quod

63 1132 207 1208 lobanue,
227 1140 257 1197 et
265 1133 413 1217 Gregorio
429 1133 497 1197 filiis
515 1134 629 1198 luania
644 1135 850 1200 dePolotbloa
863 1155 899 1198 ex
911 1155 967 1199 una
984 1139 1081 1219 parte,
1093 1155 1129 1199 ac
1141 1138 1251 1200 comite

62 1242 182 1308 Nicolao
200 1242 263 1308 iilic
280 1244 400 1309 Andree
417 1245 456 1308 de
474 1246 564 1333 Gyop
580 1265 617 1308 ex
633 1244 737 1319 altera,
751 1264 850 1309 coram
869 1245 953 1308 nobis
973 1246 1155 1318 constitutis,
1172 1245 1252 1309 idem

62 1350 227 1426 lohannes,
253 1362 284 1418 et
311 1354 479 1439 Gregorius
496 1353 730 1419 confessisunt:
759 1354 951 1418 medietatem
972 1356 1174 1439 possessionis
1196 1376 1250 1420 sue

61 1460 204 1527 Palatbka
219 1468 336 1536 vocate,
351 1471 381 1528 et
397 1465 519 1528 aliarum
537 1472 663 1548 quatuor
680 1484 814 1528 arearum
832 1462 1036 1547 blyliotelnlre,
1048 1465 1249 1529 Thebnenus·

59 1568 210 1657 telulre1)‚
225 1580 256 1637 et
266 1573 370 1656 Legun
383 1579 564 1647 vocatarum,
577 1572 663 1637 simul
677 1593 743 1637 cum
757 1574 917 1637 medietate
930 1572 1015 1658 sylue
1029 1573 1133 1638 Hintns
1146 1581 1251 1640 vocate

61 1681 157 1745 inuno
175 1682 290 1746 ambitu
307 1682 363 1746 sub
376 1684 469 1747 certis
486 1684 575 1747 metis
591 1683 782 1756 inclusarum,
793 1704 872 1747 nunc
884 1682 1054 1747 habitatore
1072 1685 1247 1758 carentium,

16 1788 18 1797 r

16 1812 17 1823 i

16 1846 18 1853 ι

60 1790 234 1855 vendidisse
246 1792 304 1875 ipsi
319 1793 420 1857 comiti
437 1794 573 1866 Nicolao,
591 1797 622 1856 et
636 1813 692 1877 per
703 1813 769 1857 eum
782 1794 846 1858 suis
859 1792 1032 1866 heredibus,
1044 1793 1249 1877 heredumque

16 1888 17 1909 l
61 1920 179 1965 suorum
206 1901 437 1965 successoribus
467 1910 611 1987 perpetuo
638 1908 669 1967 et
696 1902 932 1966 irrevocabiliter
959 1901 1192 1985 possidendam,
1218 1907 1249 1967 et

60 2009 239 2083 habendam,
263 2032 317 2095 pro
335 2011 526 2094 septuaginta
548 2012 657 2075 marcis
673 2011 873 2085 denariorum,
896 2012 926 2075 in
951 2010 1139 2076 estimatione
1156 2013 1248 2077 dena·

61 2118 119 2181 rios
142 2117 256 2183 valenti
278 2118 369 2202 plene
390 2120 503 2206 recepti
519 2156 561 2167 —
579 2125 670 2184 —et
692 2118 835 2185 habitisa
857 2121 965 2186 comite
988 2120 1112 2185 Nicolao
1128 2120 1245 2205 prefato

14 2405 15 2433 l

14 2434 18 2483 l

59 2246 111 2311 per
127 2228 266 2301 eosdem,
290 2234 320 2291 et
337 2233 369 2291 ut
384 2227 554 2311 hujusmodi
572 2231 682 2313 emptio
706 2234 736 2293 et
758 2230 889 2293 venditio
905 2230 997 2293 robur
1014 2232 1147 2313 optineat
1174 2250 1246 2314 per-

58 2342 146 2419 petue
162 2336 327 2410 firmitatis,
352 2339 390 2402 ad
407 2338 588 2412 instantiam,
601 2342 632 2402 et
648 2338 821 2422 petitionem
838 2359 894 2422 per
910 2359 976 2402 eum
993 2316 1153 2423 presentesx
1175 2359 1249 2403 con-

59 2448 205 2511 cessimus
235 2447 348 2524 literas,
371 2447 465 2530 sigilli
492 2448 586 2510 nostri
602 2446 764 2511 munimine
787 2447 954 2513 roboratas.
972 2448 1077 2512 Datum
1095 2447 1248 2512 Sabbatbo

56 2555 190 2639 proximo
214 2560 284 2619 ante
311 2556 476 2642 quindenas
499 2556 732 2621 resurrectionis
749 2556 876 2630 domini,
904 2577 978 2619 anno
1002 2556 1111 2621 domini
1134 2555 1248 2621 bl.C.C.

60 2662 258 2746 nonagesimo
274 2668 368 2728 sexto.

614 2870 692 2941 cci.

535 3008 614 3070 icoo,
627 3008 670 3061 zo.
687 3006 769 3078 apro.

149 3135 320 3220 Capitulum
349 3138 481 3202 ecclesie
514 3136 593 3201 beati
627 3136 795 3222 Mychaelis
831 3133 1006 3215 archangeli
1040 3132 1248 3196 Transilvanie

14 3272 15 3335 p
57 3244 208 3308 uniuersis
225 3251 254 3308 et
270 3246 394 3327 singulis
412 3245 519 3331 quibus
531 3251 690 3331 presentes
707 3243 916 3314 ostenduntur,
930 3241 1053 3305 salutem
1070 3242 1100 3305 in
1117 3243 1246 3305 omnium

57 3355 217 3420 calcatore.
244 3356 282 3420 Vt
298 3362 384 3437 gesta
401 3355 568 3425 hominum.
594 3375 652 3440 que
675 3377 711 3419 ex
729 3354 808 3419 bono
825 3353 933 3418 mentis
956 3353 1127 3435 proposito,
1150 3351 1245 3417 bona-

57 3481 112 3547 que
144 3462 367 3528 deliberacione
398 3464 636 3536 interveniente,
667 3463 740 3527 liunt
767 3466 972 3546 intempore,
1002 3481 1057 3525 nec
1089 3481 1145 3544 per
1172 3480 1245 3524 con-

57 3572 166 3635 trarias
189 3571 359 3636 uoluntates
386 3592 442 3657 per
466 3577 600 3657 tempora
625 3571 781 3635 elabantur
803 3571 840 3634 ad
861 3577 1037 3654 perpetuam
1059 3569 1104 3633 rei
1131 3588 1245 3633 memo·

57 3678 148 3752 riam,
175 3680 394 3766 patrociniique
412 3687 630 3746 consueverunt
645 3682 813 3745 litterarum
830 3678 936 3743 eadem
961 3678 1145 3742 communiri.
1171 3676 1246 3741 Pro·

56 3786 123 3853 inde
154 3788 192 3853 ad
213 3792 420 3855 uniuersorum
444 3795 475 3854 et
498 3789 685 3873 singulorum
714 3789 853 3853 noticiam
879 3786 981 3850 barum
1001 3783 1137 3848 uolumus
1165 3786 1245 3849 serie

57 3899 216 3981 pervenire
245 3900 421 3963 litterarum.
460 3898 545 3981 Quod
576 3896 758 3963 venerabilis
783 3903 869 3980 pater
903 3896 935 3959 P.
965 3893 1013 3958 dei
1040 3894 1145 3976 gracia
1176 3894 1242 3977 epi·

57 4024 167 4092 scopus
191 4006 405 4072 Transilvanns
421 4007 554 4091 prelatus
579 4014 692 4079 noster,
709 4010 799 4090 prout
815 4004 975 4069 ecclesiam
989 4002 1070 4067 beati
1087 4000 1242 4066 Michaelis

58 4114 122 4199 ipso
146 4115 280 4181 feliciter
296 4116 484 4198 gubernante
507 4136 628 4199 semper
650 4116 822 4203 presuturus
849 4112 977 4183 exstitit,
1002 4111 1042 4173 ita
1065 4116 1096 4173 et
1116 4111 1146 4174 in
1170 4109 1242 4173 sub·

57 4225 193 4309 sequenti
209 4224 383 4289 concambio
401 4226 479 4288 inter
496 4244 563 4288 eum
580 4228 611 4287 el
626 4226 746 4289 Petrum
763 4224 900 4286 comitem
917 4220 1092 4303 magistrum
1106 4217 1241 4292 Saulum,

57 4338 86 4397 et
114 4333 280 4419 Nycolaum
296 4333 389 4397 lilium
411 4334 506 4417 ipsius
530 4335 649 4399 comitis
669 4335 765 4406 Petri,
792 4330 845 4395 lilii
873 4329 1048 4412 Sampsonis
1076 4328 1242 4399 celebrato,

89 4640 113 4699 ¹)
130 4640 206 4686 Mikot
222 4642 268 4687 und
285 4642 403 4687 Tebenest
419 4641 519 4687 ehemals
536 4641 630 4694 Ddrlar,
645 4642 706 4699 Jetzt
722 4641 830 4687 Pridien.

88 4723 181 4769 nonies.
198 4721 266 4767 anon.
283 4724 309 4767 u.
328 4723 369 4767 no.
385 4724 433 4770 ru.
991 4715 1025 4771 13
