3150 5092
367 371 440 443 188

361 549 480 613 domine
496 546 677 631 helysaheth
694 552 807 616 sororis
822 549 1000 621 eorundem,
1017 550 1152 614 monialis
1169 550 1302 617 ecclesie
1322 551 1356 615 S.
1374 550 1494 635 spiritus
1503 547 1528 635 ¹)

360 660 400 723 de
411 658 485 723 stoa
497 658 589 729 dedit,
602 658 730 733 donarit,
747 666 779 725 et
789 658 1028 725 irrevocabiliter
1043 659 1169 724 contulit
1184 664 1344 724 memorate
1360 661 1489 725 ecclesie
1499 660 1527 725 S.

361 768 483 852 spiritus
499 773 530 831 et
545 786 599 851 per
616 768 711 852 ipsam
733 768 909 835 monialibus
926 771 957 835 in
981 771 1087 835 eadem
1103 789 1158 855 pro
1174 770 1238 852 ipsa
1255 768 1451 833 existentibus
1467 766 1529 849 jure

358 880 505 961 perpetuo
515 875 737 961 possidendam,
750 884 781 943 et
796 880 973 945 habendam.
985 881 1018 944 ln
1034 899 1159 965 quorum
1173 880 1218 944 rei
1233 877 1448 952 testimoninm,
1463 898 1526 962 per·

359 990 537 1069 petramque
564 983 741 1061 firmitatem,
765 988 801 1051 ad
822 991 1005 1073 petitionem,
1030 996 1061 1054 et
1076 989 1247 1054 instantiam
1266 987 1399 1072 predicti
1414 987 1527 1052 loannis

359 1098 516 1178 presentes
540 1096 742 1160 concessimus
764 1096 867 1163 literas
887 1101 1047 1163 munimine
1068 1097 1232 1163 roboratas.
1256 1096 1365 1160 Datum
1393 1096 1527 1178 magistro

360 1202 517 1286 hlychaele
537 1205 701 1288 preposito.
724 1205 874 1290 Gregorio
897 1214 1030 1281 cantore,
1055 1206 1145 1272 Paulo
1168 1206 1302 1277 custode,
1323 1207 1416 1270 Petro
1435 1204 1525 1268 archi·

359 1310 482 1376 diacono
506 1312 544 1377 de
568 1310 648 1388 Clus,
670 1313 785 1379 decano
808 1318 940 1382 ecclesie
961 1322 1063 1382 nostre
1086 1313 1293 1380 existentibus.
1311 1316 1345 1379 A.
1364 1314 1403 1376 ll.
1419 1314 1459 1377 hl.
1474 1310 1525 1377 CC.

360 1423 550 1507 nonagesimo
566 1428 681 1508 quarto.

883 1540 1017 1612 CXCIV.

907 1660 987 1716 saar.

448 1768 615 1853 Capitulum
631 1771 762 1836 ecclesie
778 1772 857 1837 beati
873 1771 1029 1837 blichaelis
1040 1769 1215 1853 archangeli
1226 1766 1452 1840 Transsiluane,
1467 1768 1526 1830 rni-

360 1879 456 1943 uersis
474 1879 587 1945 Christi
604 1880 741 1946 fidelihus
758 1886 818 1946 tam
835 1881 1024 1967 presentibus
1042 1900 1128 1965 quam
1145 1879 1268 1948 futuris,
1285 1898 1416 1962 presens
1438 1876 1525 1961 scrip·

361 1993 422 2052 tum
440 1988 621 2072 inspecturis
643 1990 764 2054 salutem
793 1991 823 2053 in
855 1993 983 2055 omnium
1004 1990 1163 2055 saluatore.
1189 1988 1404 2054 Vniuersorum
1431 1983 1528 2050 noticie

359 2096 461 2160 harum
484 2096 564 2161 serie
591 2098 791 2173 declaramus,
816 2100 895 2184 quod
912 2100 1055 2183 magister
1076 2096 1216 2163 Chelleus
1238 2095 1317 2160 lilius
1341 2094 1482 2161 Chelleus
1497 2094 1527 2159 de

362 2206 533 2279 Tuccabor,
545 2208 743 2292 personaliter
758 2229 859 2273 coram
871 2208 957 2273 nobis
973 2206 1182 2293 comparando,
1197 2204 1320 2269 tumlem
1335 2205 1527 2275 medietatem,

360 2314 511 2379 cuiusdam
529 2314 712 2382 hereditarie
729 2324 812 2382 terre
829 2339 893 2392 sue,
916 2324 948 2382 ut
975 2316 1053 2381 idem
1075 2316 1159 2389 dixit,
1174 2316 1349 2381 Gerchencs
1364 2319 1482 2387 uocate,
1503 2312 1529 2375 in
1555 2359 1556 2398 p

359 2425 499 2488 comitatu
515 2424 554 2489 de
569 2424 690 2491 Thorda
707 2428 873 2499 existentis,
886 2448 952 2492 cum
969 2425 1106 2489 omnihus
1122 2422 1297 2489 utilitatibus
1320 2424 1394 2498 suis,
1418 2428 1450 2487 et
1466 2441 1529 2507 per·

310 2523 311 2532 ’
357 2532 506 2607 tinenciis,
523 2533 578 2598 sub
591 2535 704 2601 eisdem
720 2536 849 2623 antiquis
866 2536 962 2607 metis,
979 2535 1084 2619 signis,
1107 2555 1160 2598 sen
1176 2533 1321 2606 terminis,
1339 2532 1450 2618 quihus
1471 2550 1527 2594 eam

356 2640 475 2715 habuit,
492 2648 522 2706 et
537 2646 682 2728 possedit,
699 2646 792 2721 dedit,
808 2646 942 2716 donauit,
959 2648 991 2707 et
1005 2642 1242 2709 irreuocabiliter
1257 2642 1384 2705 contulit
1400 2639 1527 2724 cognatis

357 2752 430 2814 eius.
455 2750 605 2837 Stephano
621 2754 755 2829 scilicet,
770 2763 800 2819 et
811 2756 929 2820 Andree
945 2753 1013 2817 liliis
1030 2751 1207 2824 Helemhan,
1224 2751 1334 2835 genitis
1357 2771 1395 2814 ex
1419 2749 1526 2816 domina

357 2878 479 2932 sorore,
501 2862 629 2945 predicti
651 2862 810 2940 Chelleus,
915 2865 978 2936 sui,
1001 2867 1032 2925 et
1052 2883 1108 2948 per
1129 2883 1199 2934 eos,
1225 2860 1387 2927 eorundem
1410 2878 1526 2923 succes-

356 2969 476 3033 soribus
492 2972 556 3035 iure
573 2979 719 3057 perpetuo
742 2974 953 3057 possidendam
975 2978 1006 3035 et
1026 2970 1201 3036 hahendam.
1225 2972 1256 3034 ln
1281 2969 1366 3035 cuius
1383 2968 1431 3032 rei
1451 2966 1528 3031 testi·

358 3080 501 3152 monium,
526 3087 758 3169 perpetuamque
775 3082 959 3155 firmitatem,
977 3081 1013 3144 ad
1030 3081 1209 3166 peticionem
1227 3085 1256 3145 et
1271 3080 1448 3144 instanciam
1463 3094 1527 3161 pre·

357 3187 502 3252 dictorum
515 3195 672 3273 presentes
689 3192 894 3256 concessimus
910 3191 1023 3255 litteras
1038 3189 1200 3254 munimine
1215 3190 1309 3253 nostri
1331 3186 1425 3270 sigilli
1445 3184 1527 3250 roho·

356 3301 445 3361 ratas.
469 3297 575 3361 Datum
592 3300 736 3382 magistro
760 3300 909 3364 Michaele
931 3300 1096 3386 preposito,
1119 3298 1267 3381 Gregorio
1284 3303 1417 3369 cantore,
1440 3292 1522 3358 Paulo

355 3406 491 3481 custode,
509 3408 597 3472 Petro
615 3408 748 3480 custode,
769 3410 858 3473 Petro
880 3407 1091 3473 archidiacono
1108 3405 1146 3470 de
1163 3404 1245 3480 (llus,
1267 3406 1381 3470 decano
1399 3401 1523 3469 ecclesie

356 3522 457 3581 nosue
474 3516 679 3584 existentibus.
705 3519 787 3582 Anno
802 3518 913 3583 domini
928 3518 983 3581 llll.
1001 3516 1075 3582 CCt
1088 3516 1279 3599 nonagesimo
1295 3518 1411 3599 quarto.

888 3677 1006 3749 cxcv.
1056 3767 1060 3771 Α

693 3796 773 3857 1295,
791 3798 818 3853 6.
837 3798 919 3869 April.
939 3798 1193 3866 weissenburg.

443 3908 505 3973 Nos
533 3908 640 3971 Petrus
661 3908 853 3974 miseratione
872 3909 970 3973 diviua
993 3911 1152 3994 episcopus
1168 3904 1408 3991 'l'ranssplranus
1431 3901 1519 3985 sigui·

355 4017 476 4083 ficamus
492 4018 598 4103 quihus
607 4016 727 4101 expedit
738 4018 885 4083 universis
898 4020 1081 4103 presentium
1092 4040 1148 4103 per
1158 4027 1302 4082 tenorem.
1316 4013 1401 4097 Quod
1412 4008 1518 4098 populis

354 4127 465 4191 nostris
488 4127 527 4191 de
549 4126 617 4190 villa
636 4127 724 4218 Sard
737 4127 815 4192 hanc
831 4128 1042 4193 contulerimus
1057 4127 1239 4198 libertatem,
1255 4131 1288 4188 ut
1305 4126 1336 4188 in
1352 4124 1429 4186 festo
1447 4116 1518 4183 beati

354 4234 473 4299 Martini
489 4254 591 4299 omnes
609 4237 803 4300 communiter
818 4236 945 4317 singulis
962 4237 1045 4301 annis
1062 4236 1206 4301 tredecim
1227 4252 1342 4297 marcas
1368 4236 1518 4296 terrestres

355 4345 472 4425 argenti
488 4364 542 4429 pro
558 4344 690 4426 terragio
706 4342 826 4409 solvere
841 4349 1007 4411 teneantur.
1020 4346 1093 4409 ltem
1105 4345 1272 4429 quicunque
1289 4361 1325 4405 ex
1340 4341 1414 4427 ipsis
1429 4336 1519 4420 bospi-

354 4452 434 4518 tihus
459 4455 568 4517 nostris
592 4455 622 4517 in
645 4454 709 4537 ipsa
734 4452 804 4517 villa
820 4453 898 4518 Sard
922 4462 1005 4521 certa
1022 4456 1121 4541 aliqua
1137 4452 1263 4525 edificia,
1289 4448 1339 4514 vel
1353 4450 1463 4520 vineas,
1478 4447 1520 4509 aut

388 4613 413 4677 ¹)
430 4615 507 4677 Sancti
523 4615 640 4674 Stephani.
655 4614 722 4675 Feie'r
737 4620 754 4666 l.
771 4632 792 4664 c.
