3150 5092
1202 350 1279 423 203

85 530 205 597 ibidem
220 534 286 619 ipsa
303 528 456 618 possessio
474 532 629 598 llonustur
650 534 842 615 separaretur
859 551 874 592 3
889 528 1025 611 33311313
1044 533 1125 593 terra
1141 526 1279 611 Saasadg

87 649 118 706 et
148 644 393 709 convicinaretur
418 664 485 707 cum
517 648 598 706 terra
630 642 759 726 33331311
790 639 983 720 monasterij,
1015 644 1045 701 et
1075 637 1280 723 possessionis

85 749 212 838 Baeh1)
242 759 363 826 vocate,
393 752 442 818 rbi
463 757 527 815 tres
548 756 643 815 metas
665 770 788 833 magnas
811 753 928 813 terreas
950 748 1132 820 erexissent,
1156 764 1278 831 quarum

17 864 19 891 ³
86 878 148 923 333
166 880 184 923 3
202 865 288 944 33313
310 858 490 925 occidentali
514 861 571 925 iam
594 860 675 924 dicte
702 863 784 923 terre
801 857 939 941 Saesadg
954 857 1011 922 alia
1035 880 1052 922 3
1075 858 1165 942 plaga
1187 854 1279 919 meri-

86 966 205 1033 dionali
236 969 293 1033 iam
328 968 409 1039 dicte
441 970 627 1056 possessioni
650 969 751 1041 Raoh,
778 966 875 1031 tercia
900 987 973 1031 vero
1001 987 1018 1029 3
1045 973 1131 1051 parte
1155 966 1280 1029 orientis

85 1082 176 1141 terre
193 1078 398 1161 possessionis
414 1078 569 1143 llonustur
585 1078 815 1161 distinguerent,
830 1083 860 1140 et
875 1081 1062 1160 separarent,
1078 1080 1110 1139 et
1126 1074 1171 1139 sie
1186 1094 1279 1157 sepe·

87 1186 174 1251 dicte
192 1188 403 1272 possessiones
421 1188 575 1253 llonustur
599 1191 630 1251 et
646 1185 883 1251 Zenthbeneduk
897 1184 1090 1269 presentibus
1106 1183 1279 1248 memoratis

17 1366 19 1391 γ
87 1295 214 1360 domino
231 1297 375 1381 episcopo
397 1316 432 1360 33
452 1296 519 1378 nlijs
535 1296 642 1360 uicinis
660 1304 691 1360 et
706 1277 917 1359 commetaneis
933 1293 1095 1358 earundem
1104 1291 1142 1355 ab
1157 1292 1278 1356 aliarum

17 1394 19 1445 l
87 1406 344 1490 possessionariJs
353 1404 465 1470 iuribus
478 1425 534 1489 per
550 1426 656 1470 cursus
668 1405 883 1469 antedictarum
895 1409 1049 1477 metarum,
1063 1402 1279 1474 distinxissent,

17 1556 19 1565 ,
89 1520 121 1579 et
145 1520 349 1597 separassent
363 1514 480 1579 neruine
508 1516 731 1580 contradictore
764 1515 920 1578 existente.
949 1501 1055 1577 Datum
1079 1512 1155 1576 teria
1172 1515 1278 1595 quarta

17 1698 19 1725 ι
86 1622 227 1707 proxima
243 1628 313 1706 post
328 1624 438 1688 festum
455 1628 559 1688 sancte
574 1623 726 1696 trinitatis,
744 1642 820 1687 anno
838 1627 1007 1706 prenotato.

632 1809 738 1881 deul.

647 1947 726 2004 1297.

184 2058 264 2122 Viris
295 2058 439 2121 discretis
470 2063 501 2121 et
532 2058 666 2123 honestis
695 2078 730 2122 ac
755 2058 859 2122 amicis
886 2058 949 2122 suis
979 2056 1111 2141 capitulo
1143 2054 1278 2119 ecclesie

17 2184 19 2265 s
86 2167 171 2233 beati
189 2166 354 2252 llychaelis
376 2166 550 2251 archangeli
565 2168 780 2232 Transsiluane
797 2153 907 2252 lllplnd
924 2166 1029 2237 banus,
1050 2186 1085 2229 se
1100 2170 1194 2230 totum
1210 2184 1278 2229 cum

17 2360 19 2371 Ι
87 2278 223 2342 amicitia
245 2277 384 2361 pleniori,
407 2282 508 2341 vestre
531 2277 706 2341 discretioni
732 2298 787 2361 per
804 2282 963 2360 presentes
980 2276 1176 2347 declaramus,
1198 2272 1277 2358 quod

86 2386 238 2471 quandam
266 2392 377 2449 terram
404 2389 536 2449 nostram
557 2386 758 2451 ι1313331313
780 2391 915 2449 uocatam
937 2386 968 2448 in
990 2384 1131 2449 comitatu
1155 2382 1278 2447 Albensi

17 2488 19 2537 ⁵
88 2494 278 2557 adiacentem
307 2513 372 2557 cum
405 2492 500 2558 tribus
527 2493 682 2577 particulis
709 2493 850 2557 siluarum
879 2493 958 2557 iuxta
986 2498 1107 2556 ueteres
1131 2499 1225 2582 metas
1247 2496 1278 2555 et

17 2638 19 2683 t
88 2603 242 2685 antiquas,
268 2622 360 2665 nouas
377 2622 432 2685 per
448 2622 502 2665 nos
520 2604 680 2685 erigendo,
703 2624 739 2666 ex
755 2602 833 2666 bona
849 2602 1000 2667 uoluntate
1023 2605 1056 2664 et
1079 2598 1279 2683 permissione

17 2690 19 2761 l
88 2713 230 2794 magistri
242 2710 370 2793 Njcolai,
386 2712 520 2774 Demetri
537 2719 567 2775 et
579 2711 671 2782 Petri,
690 2711 817 2775 liliorum
838 2717 1005 2775 nostrorum
1018 2709 1174 2775 vendimus
1189 2709 1279 2772 Petro

17 2884 18 2903 ἶ
87 2820 207 2891 Marco,
225 2825 256 2883 et
271 2819 436 2903 Stephano,
453 2818 513 2883 filio
529 2819 637 2893 Dauid,
650 2842 687 2885 33
702 2820 765 2885 Sud
782 2819 844 2883 lilio
863 2820 954 2892 Petri,
969 2824 1000 2883 et
1015 2840 1069 2905 per
1085 2838 1138 2881 eos
1155 2816 1226 2898 filijs
1241 2837 1279 2881 ac

17 2920 18 2927 ¹
87 2928 321 2994 suecessoribus
347 2930 520 3001 eorundem,
546 2950 599 3012 pro
617 2931 737 3012 triginta
758 2931 867 2993 marcis
883 2932 980 2994 minus
997 2950 1062 3001 rua,
1082 2928 1278 3014 perpetuabi-

17 3088 18 3123 ,
87 3038 164 3101 liter
181 3043 212 3101 et
228 3037 355 3122 pacifice
371 3039 591 3122 possidendam,
605 3040 710 3124 partim
728 3041 758 3103 13
771 3046 896 3121 argento
915 3040 1033 3104 decime
1049 3038 1278 3109 combustionis,

88 3147 290 3231 pertimuere
309 3148 339 3210 13
357 3147 546 3212 estimatione
570 3147 728 3232 condigna,
752 3169 838 3232 quam
855 3149 1013 3232 pecuniam
1031 3148 1121 3229 ijdem
1137 3148 1193 3211 riri
1209 3146 1277 3231 ple-

90 3256 177 3319 33313
195 3256 280 3320 nobis
293 3254 514 3339 persoluerunt,
538 3257 707 3339 obligantes
731 3278 786 3321 nos
803 3257 917 3322 eisdem
934 3257 971 3322 ab
996 3258 1132 3322 omnibus
1148 3256 1278 3341 impedi·

89 3362 230 3427 sionibus
247 3364 369 3427 racione
390 3368 473 3427 terre
490 3365 621 3447 propriis
643 3363 797 3430 laboribus
814 3371 843 3429 et
859 3366 1001 3449 expensis
1013 3363 1143 3429 liberare
1160 3369 1191 3428 ot
1206 3384 1277 3427 eos-

89 3473 161 3536 dem
183 3472 214 3535 iu
234 3473 300 3555 ipsa
316 3473 511 3556 possessione
528 3495 721 3547 conseruare,
739 3494 833 3560 quare
850 3475 1031 3558 requirimus
1048 3473 1277 3544 discrecionom,

88 3585 239 3665 quatenus
267 3580 381 3644 eisdem
412 3582 484 3645 risis
507 3584 701 3665 presentibus
723 3584 912 3667 priuilegium
938 3588 1070 3647 restrum
1092 3604 1185 3667 33333
1212 3584 1278 3666 1333

89 3690 269 3755 vendicione
291 3691 362 3753 dare
383 3690 545 3773 dignemini
566 3712 601 3756 33
624 3694 650 3757 31
667 3694 868 3777 personaliter
884 3709 985 3757 coram
1003 3693 1087 3757 uobis
1105 3693 1278 3757 fuissemus.

88 3802 165 3865 ltem
196 3798 255 3863 hec
285 3800 423 3865 uendicio
455 3803 534 3865 lacta
557 3802 613 3866 suit
641 3823 743 3867 coram
775 3804 919 3886 magistro
948 3802 1118 3876 Clemente,
1140 3803 1278 3867 lobanne

93 3907 212 3973 Siculo.
224 3910 296 3972 ltem
307 3908 617 3983 Demetriodohanne
631 3917 661 3976 et
670 3911 818 3995 Gregorio
830 3912 1077 4000 tiliis-Michaelis.
1092 3914 1167 3977 ltem
1180 3933 1280 3984 coram

88 4017 233 4083 fratribus
251 4017 348 4101 Wyd,
373 4041 408 4084 ac
425 4021 560 4084 almmato
578 4020 644 4109 (t),
670 4029 810 4108 preterea
833 4027 969 4086 emanato
991 4022 1150 4106 priuilegio
1174 4044 1277 4086 omnes

90 4128 180 4192 litere
206 4126 364 4192 iudiciales
392 4131 422 4190 et
446 4128 652 4212 priuilegiales
669 4132 805 4214 primitus
821 4134 956 4195 emanate
973 4152 1065 4215 super
1093 4131 1173 4195 dicta
1196 4135 1278 4195 terra

90 4236 204 4301 debent
232 4236 356 4300 cassari.
382 4236 488 4302 Datum
511 4239 541 4301 13
564 4241 702 4324 33311313
724 4248 804 4305 terra
826 4240 1035 4305 loboslelulue.
1059 4242 1143 4305 Anno
1166 4239 1277 4307 domiui

89 4342 223 4409 ll⁰.CC⁰.
237 4346 429 4427 nonagesimo
446 4350 584 4429 septimo.

122 4561 147 4623 ¹)
163 4557 221 4607 eles
236 4562 266 4607 im
283 4563 407 4609 koloselrsr
423 4562 505 4609 comit.
