3150 5092
1275 309 1326 378 39

114 479 338 558 resignttretrt3
352 479 417 548 eis,
440 479 502 540 'nisi
518 484 570 541 tue
583 479 713 559 jussioni
729 484 883 560 parerent,
905 478 1010 558 grauia
1023 479 1246 543 'comminando
1276 479 1327 546 llis

111 585 228 668 itaque
260 585 298 647 ad
321 583 502 647 audientiam
525 593 657 648 nostram
674 587 806 668 ipsorum
828 585 953 670 fratrum
970 586 1173 650 insinuatione
1188 588 1326 670 perlatis,

120 712 183 754 nos
202 691 311 755 honori
335 696 365 753 et
387 693 476 756 saluti
493 697 560 763 tue,
590 713 625 756 ac
637 689 699 776 juri
716 692 865 757 dictorum
880 694 1004 756 fratrum
1020 693 1167 767 volentes,
1183 701 1274 778 prout
1289 698 1327 760 ad

118 804 262 863 nostrum
289 803 409 881 spectat
436 799 577 871 officium,
611 800 789 883 prouidere,
823 800 1129 881 circumspectionem
1159 807 1240 865 tuam
1272 824 1327 887 per

120 907 248 970 litteras
264 912 383 969 nostras
399 927 530 979 monere,
548 927 583 970 ac
600 906 716 970 hortari
734 907 900 970 studuimus
917 907 1090 987 diligenter,
1112 915 1143 971 rt
1158 909 1327 991 prudenter

122 1015 301 1085 attendens,
331 1015 408 1097 quod
441 1014 513 1077 nibil
542 1016 571 1076 in
599 1021 662 1078 tuto
692 1017 859 1097 reponitur,
884 1015 940 1077 nisi
962 1014 1043 1098 quod
1071 1017 1119 1099 pia
1147 1015 1327 1081 liberalitate

125 1122 279 1184 donatur:
309 1140 344 1182 ac
375 1122 509 1205 prefatas
538 1121 653 1185 litteras
677 1127 797 1185 nostras
820 1122 983 1184 secundum
1012 1126 1116 1184 sanum
1142 1124 1326 1188 intellectum

123 1231 271 1311 superius
291 1248 477 1312 expressum,
500 1230 664 1312 accipiens,
688 1229 784 1292 dictos
802 1230 913 1291 tratres
930 1249 988 1291 non
1006 1229 1184 1294 molestares
1201 1231 1327 1295 vlterins

122 1357 221 1419 super
244 1342 325 1398 terra
357 1337 417 1399 sibi
444 1358 460 1400 a
484 1342 516 1400 te
539 1338 587 1420 pia
610 1337 793 1400 liberalitate
810 1337 937 1429 donata,
954 1336 1090 1400 sedeam
1108 1338 1236 1421 pacifice
1263 1341 1322 1404 sibi

126 1445 301 1507 dimitteres
329 1443 493 1508 secundum
513 1444 624 1508 limites
646 1447 679 1506 in
702 1445 864 1526 priuilegio
886 1451 937 1508 tue
960 1445 1128 1509 donationis
1151 1467 1326 1530 expressos,

123 1572 163 1614 ao
193 1551 334 1615 restituto
360 1553 403 1613 eis
435 1552 563 1635 quodam
591 1557 710 1623 castro,
743 1572 802 1637 quo
830 1551 982 1635 spoliasse
1014 1552 1168 1617 dicebaris
1190 1555 1324 1628 eosdem,

123 1659 323 1722 satisfaceres
345 1661 399 1731 eis,
425 1663 456 1722 et
477 1659 620 1723 satisfieri
640 1659 760 1722 iaceres
785 1659 824 1722 de
853 1658 967 1722 damnis
983 1660 1064 1730 aliis,
1087 1665 1118 1722 et
1133 1662 1250 1742 injuriis
1267 1683 1324 1746 per

121 1773 166 1840 te,
184 1786 219 1829 ac
236 1770 303 1829 tuos
313 1766 428 1833 eisdem
444 1767 589 1831 hactenus
605 1767 763 1846 irrogatis;
781 1766 857 1849 ipsis
870 1769 959 1829 etiam
973 1766 1117 1830 tratribus
1133 1788 1189 1851 per
1204 1774 1322 1833 nostras

122 1875 264 1938 dedimus
280 1873 397 1937 litteras
413 1874 442 1935 in
461 1875 616 1944 mandatis,
630 1879 661 1937 vt
678 1871 732 1936 tibi
749 1875 945 1937 restituerent
958 1877 1107 1945 uniuerso,
1130 1895 1188 1958 que
1206 1877 1325 1940 inueni·

122 1988 234 2044 rentur
251 1986 333 2044 extra
355 1963 490 2064 prelatos
512 1981 621 2044 limites
644 2001 827 2065 occupasse;
853 2002 889 2044 ac
915 2002 953 2044 oe
973 1983 1147 2064 'hujusmodi
1169 1987 1322 2047 contentio

123 2093 232 2172 posset
248 2087 376 2172 emplius
393 2089 592 2160 inualescere‚
607 2091 701 2153 —do
717 2091 889 2161 bismait,
907 2096 938 2153 et
950 2126 994 2136 —-
1006 2090 1044 2153 de
1056 2092 1163 2177 Eprio,
1181 2097 1212 2153 et
1227 2092 1323 2156 —de

124 2196 232 2260 Kerclr
254 2195 413 2259 abbatibus
437 2198 574 2260 dedimus
597 2199 626 2259 in
649 2196 807 2267 mandatis.
836 2202 868 2261 rt
889 2199 924 2260 ad
946 2196 1013 2259 loca
1040 2201 1105 2280 ipsa
1122 2199 1324 2282 personaliter

126 2303 311 2368 accedentes
336 2303 498 2386 diligenter
520 2305 704 2387 inspicerent
728 2304 839 2367 limites
865 2304 1052 2376 antedictos;
1081 2310 1113 2368 et
1136 2306 1162 2368 si
1184 2305 1323 2370 viderent

127 2415 214 2494 ipsos
245 2413 355 2474 fratres
384 2413 482 2496 aliqua
510 2419 592 2476 extra
616 2413 738 2475 eosdem
761 2411 916 2483 terminos,
939 2431 993 2476 seu
1015 2412 1127 2476 limites
1144 2432 1323 2498 occupasse,

126 2519 207 2602 ipsis
225 2520 403 2582 auctoritate
418 2526 520 2583 nostra
536 2521 738 2601 injungerent,
756 2525 787 2582 vt
803 2541 839 2582 ea
854 2519 910 2582 tihi
925 2521 1122 2583 restituerent
1146 2523 1212 2584 sine
1228 2538 1325 2593 mora;

130 2625 278 2710 quidquid
304 2645 397 2710 super
425 2627 471 2689 bis
499 2629 677 2700 inuenirent,
706 2633 736 2690 et
759 2627 907 2696 facerent,
936 2625 1068 2707 fideliter
1088 2627 1174 2690 nobis
1191 2628 1323 2692 relaturi.

128 2735 195 2796 'ltro
222 2753 341 2817 quoque
369 2735 548 2818 scripsimus
586 2734 774 2806 eelsitudini,
807 2739 837 2797 rt
864 2735 1058 2818 permitteres
1082 2737 1166 2818 ipsos
1195 2733 1321 2800 abbates

128 2840 227 2904 libere
250 2841 435 2923 inuestigare
457 2843 609 2928 predicta,
631 2846 660 2904 et
685 2842 711 2904 si
729 2840 783 2903 tibi
803 2842 947 2924 expedire
963 2843 1094 2911 videres,
1112 2845 1238 2906 nuncios
1253 2848 1324 2907 tuos

131 2949 268 3012 mitteres
294 2968 361 3012 oum
380 2951 506 3022 eisdem,
534 2951 774 3030 inuestigationis
793 2949 963 3030 hujusmodi
986 2951 1096 3013 seriem
1118 2950 1322 3033 inspecturos.

132 3055 240 3119 Videat
261 3058 355 3138 igitur
381 3060 466 3138 regia
489 3043 732 3141 circumspectio,
756 3059 854 3122 rtrum
874 3056 1026 3137 pendente
1042 3057 1277 3137 inuestigatione
1294 3062 1325 3122 et

131 3163 279 3228 relatione
296 3163 475 3245 hujusmodi,
494 3165 634 3254 debuerit
650 3164 760 3249 aliquid
779 3185 795 3226 a
811 3170 852 3235 te,
870 3162 915 3226 rel
932 3164 970 3226 ab
985 3165 1060 3247 ipsis
1078 3165 1220 3227 fratribus
1237 3185 1326 3229 reuo-

131 3272 204 3334 cari.
230 3271 320 3336 Certe
342 3277 373 3335 te
398 3272 485 3335 nobis
507 3273 624 3334 interim
641 3272 739 3335 denuo
761 3272 928 3343 intimante,
955 3271 1035 3354 quod
1052 3273 1115 3355 ipsi.
1139 3273 1249 3336 iratres
1271 3280 1324 3336 tue

133 3378 321 3443 liberalitatis
337 3380 432 3460 gratia
451 3401 509 3444 non
533 3382 674 3452 contenti,
692 3379 783 3443 multe
801 3380 838 3442 de
855 3380 914 3441 tuis
936 3384 1052 3441 temere
1068 3386 1270 3462 occuparant:
1295 3386 1325 3443 et

130 3486 187 3551 tibi
204 3507 239 3550 ea
255 3489 407 3570 repetenti
423 3489 657 3570 responderant:
678 3487 758 3570 quod
774 3489 806 3548 in
818 3505 917 3568 pugna
927 3490 1051 3569 propter
1062 3486 1119 3549 hoc
1131 3489 1230 3569 potius
1246 3488 1321 3550 mori

131 3594 254 3667 vellent,
277 3615 366 3678 quam
388 3596 549 3660 restituere
565 3595 616 3659 illa
638 3595 709 3667 tibi;
728 3615 782 3657 nos
805 3595 878 3656 moti
901 3594 1036 3675 grauiter
1058 3599 1161 3656 contra
1184 3614 1324 3677 presum-

132 3705 242 3766 tionem
266 3703 455 3784 hujusmodi,
485 3705 522 3767 ad
544 3701 734 3766 uenerabiles
762 3701 873 3764 fratres
896 3704 1016 3763 nostros
1038 3737 1081 3747 —
1105 3701 1325 3767 Varudiensem

135 3815 164 3873 et
179 3846 223 3856 -
244 3811 447 3875 Gmsrieoeem
468 3812 629 3894 episcopos
652 3827 777 3890 asperas
798 3807 886 3871 valde
903 3808 1065 3870 direximus
1082 3808 1199 3871 litteras
1216 3817 1322 3873 contra

136 3940 204 3991 eos;
225 3935 353 4000 asperas
374 3919 505 4003 inquam,
520 3925 661 4002 *quantum
680 3919 715 3979 ad
734 3916 995 3999 exaggerationem
1013 3915 1112 3997 culpe,
1137 3936 1195 4000 qne
1221 3919 1324 3981 fratri-

134 4027 188 4090 bus
208 4025 419 4108 imponebatur
435 4024 566 4099 eisdem;
596 4043 654 4089 noo
675 4029 815 4108 quantum
838 4023 875 4086 sd
891 4023 1023 4086 mandati
1046 4024 1190 4095 sormam,
1212 4044 1271 4107 que
1295 4031 1325 4087 et

137 4133 319 4196 rationabilis
344 4137 436 4196 estet
458 4133 557 4214 justa;
579 4135 619 4197 ita
645 4138 687 4204 vt,
711 4133 793 4195 'siout
811 4135 869 4194 n‘ec
893 4150 948 4215 per
969 4131 1053 4200 alias,
1078 4149 1162 4212 quas,
1185 4139 1216 4195 rt
1232 4149 1324 4214 supra

137 4241 272 4312 diximus,
298 4240 382 4304 uisus
404 4261 436 4304 es
460 4241 496 4304 nd
522 4262 642 4305 sensum
665 4241 792 4303 alienum
819 4245 1007 4323 retorquere,
1031 4239 1072 4301 ito
1095 4259 1151 4301 nec
1179 4243 1234 4321 pei
1257 4239 1324 4302 illas

137 4347 400 4422 saneintelleotas‚
417 4350 571 4413 materiam
588 4348 700 4412 habeas
718 4345 864 4429 fatigandi
880 4345 989 4408 fratres
1015 4347 1098 4427 ipsos
1120 4365 1212 4428 super
1233 4347 1324 4408 terris

138 4455 207 4530 sibi,
236 4457 295 4520 imo
315 4459 418 4522 vverius
450 4458 514 4522 Deo
544 4477 559 4519 a
587 4461 637 4520 tua
664 4455 848 4518 liberalitate
869 4452 1003 4525 donatis,
1043 4452 1098 4515 sed
1126 4452 1325 4537 recuperandi
