3150 5092
1172 335 1245 406 175

23 571 24 574 ξ
75 510 238 588 presentem
251 506 388 589 pagiuam
404 507 585 588 inspecturis
605 507 731 572 salutem
748 509 779 571 in
802 511 930 573 omnium
947 510 1101 576 salvatore.
1125 513 1248 592 Regiam

23 619 33 817 ξ
75 613 154 678 decet
181 614 366 696 majestatem
394 633 547 678 numerum
567 615 698 680 lidelium
714 615 900 680 subditorum
915 617 1068 702 ampliare,
1085 641 1248 706 eorumque

28 786 31 795 ,
74 722 240 794 commodis,
248 730 279 787 et
293 730 393 787 mutue
409 725 613 808 tranquillitati
625 729 811 810 prospicere,
825 733 857 789 ut
872 727 917 791 sic
934 727 978 790 illi
988 748 1105 812 quoque
1121 728 1249 794 naturali

26 843 32 928 ξ
73 850 168 896 eorum
192 832 311 896 domiuo
340 834 502 897 ferventius
527 833 645 899 valeant
662 835 827 899 deservire.
852 836 896 898 dd
916 842 1091 921 perpetuam
1115 838 1185 902 ideo
1202 839 1247 901 rei

26 921 32 1078 ξ
73 941 235 1004 memoriam
252 941 354 1004 barum
371 943 450 1006 serie
465 942 601 1007 volumus
617 944 784 1028 pervenire,
801 945 881 1027 quod
896 944 992 1008 libere
1006 944 1078 1009 ville
1094 947 1248 1012 Paracata

73 1057 169 1115 vocate
185 1070 281 1135 prope
297 1051 415 1114 tluvium
428 1050 575 1134 Oronyos,
598 1053 677 1114 inter
698 1052 829 1136 prealtas
850 1060 951 1136 petras
970 1058 1002 1117 et
1018 1053 1139 1138 alpes,
1130 1077 1161 1117 ru
1176 1075 1246 1139 par·

23 1021 108 1232 ξι
70 1155 108 1222 tib
111 1181 143 1224 us
160 1158 368 1224 Ultrasilvanis
381 1162 450 1234 site,
467 1160 616 1243 hospitum
632 1162 779 1244 magistri,
803 1167 834 1225 et
850 1163 923 1226 farri
946 1162 1113 1226 fodinarum
1134 1163 1246 1228 ibidem

23 1249 32 1403 ξ
71 1269 253 1333 existentium
269 1268 411 1342 cultores,
428 1273 532 1353 utpote
548 1269 653 1332 serris
638 1269 725 1343 fabri,
742 1269 900 1344 arborarii,
918 1270 1095 1342 carbonarii,
1120 1271 1246 1337 etlabo-

26 1376 178 1441 ¹ratores
207 1379 369 1464 querulosa
396 1385 607 1462 exposuerunt,
626 1379 705 1463 quod
721 1380 927 1463 superioribus
948 1382 1133 1465 temporibus
1149 1383 1247 1445 omnis

23 1539 31 1550 .
70 1485 201 1551 litteralia
216 1489 413 1551 instrumenta
429 1489 562 1572 ipsorum
579 1509 670 1572 super
686 1489 843 1553 vocatione
858 1509 961 1555 eorum
976 1510 1013 1554 ex
1027 1491 1156 1564 dustria,
1168 1493 1247 1574 juri-

24 1593 178 1681 busque
207 1602 237 1660 ιι
264 1595 387 1660 indultis
418 1616 521 1661 eorum
558 1598 626 1663 dum
653 1597 774 1661 easdem
802 1604 898 1662 terras
932 1598 1063 1663 incolere
1090 1605 1245 1683 oeperunt,

23 1683 190 1833 »ξιιιίςιι
204 1705 323 1770 collatis
339 1704 425 1770 simul
442 1725 511 1770 cum
525 1710 620 1770 status
636 1725 741 1770 eorum
762 1705 966 1770 declaratione
988 1708 1135 1780 confecta,
1162 1727 1245 1772 ema-

24 1783 138 1898 ιξιιι,
155 1834 210 1897 per
227 1813 381 1886 Tartarus,
407 1818 438 1876 ut
454 1815 629 1887 dixerunt'
620 1814 700 1895 ignis
727 1813 873 1895 voragine
890 1813 984 1878 fuisse
1003 1821 1187 1899 consumpta,
1209 1835 1245 1880 ιι

23 1922 31 2018 ξ
71 1921 368 1988 etiamcoucremata.
405 1921 469 2003 Quo
486 1923 572 1986 nobis
589 1923 766 2006 permultos
794 1920 935 1996 barones,
960 1928 992 1987 et
1017 1923 1135 1988 nobiles
1159 1927 1247 2009 regui

69 2031 154 2094 nostri
170 2031 369 2096 constiterunt
386 2031 551 2104 evidenter,
575 2031 859 2115 suplioaveruntque
874 2030 961 2095 nobis
977 2050 1034 2115 pro
1051 2036 1245 2098 renovatione

70 2140 221 2204 eorundem
237 2160 329 2222 prece
346 2139 512 2221 subjectiva
536 2146 566 2202 ιι
590 2140 657 2224 quia
679 2141 795 2221 regiam
811 2140 919 2204 deceat
934 2160 1091 2216 coronam,
1114 2141 1244 2207 bdelium

23 2301 25 2304 .
67 2246 144 2328 justis
157 2247 299 2333 precibus
317 2247 413 2312 locum
430 2247 512 2320 dare,
527 2269 579 2311 nos
592 2268 710 2334 quoque
726 2246 870 2332 precibus
884 2269 986 2312 eorum
1003 2249 1244 2315 miserationibus

26 2344 31 2427 ξ
69 2356 227 2422 visceribus
243 2359 327 2430 moti,
344 2363 376 2421 ιι
392 2379 437 2429 ιι,
454 2378 512 2442 que
528 2359 558 2420 in
574 2363 710 2441 tempore
723 2357 806 2430 liunt,
819 2357 984 2422 litterarum
996 2359 1193 2424 monumentis
1206 2359 1243 2423 ab

23 2515 24 2522 ,
70 2463 208 2530 oblivione
224 2466 428 2530 vindicentur:
452 2487 539 2551 quum
556 2466 674 2530 tandem
700 2466 859 2551 aliquando
882 2487 1007 2548 regnum
1030 2467 1088 2532 boc
1110 2473 1243 2532 nostrum

69 2581 181 2658 posttot
197 2577 310 2650 clades,
329 2583 359 2640 et
376 2577 580 2641 desolationes
597 2577 798 2640 desideratam
815 2598 920 2661 paoem
937 2583 1064 2650 nactum,
1088 2578 1243 2662 reguicnle

70 2702 175 2770 quoque
191 2685 341 2750 uberioris
359 2688 456 2771 pacis,
474 2691 506 2750 et
522 2686 743 2751 commodorum
759 2687 975 2752 incrementum
993 2687 1137 2770 consequi
1161 2687 1245 2750 vale-

23 2865 24 2870 *
71 2799 127 2866 ant;
149 2815 205 2860 nos
231 2795 323 2858 etiam
346 2816 384 2858 ex
407 2797 493 2878 regie
521 2794 680 2860 clementie
700 2795 901 2860 habundantia
921 2798 953 2859 iu
976 2816 1039 2860 sam
1058 2795 1242 2880 potissimum

73 2923 161 2968 curam
188 2903 403 2977 incumbimus,
432 2909 464 2968 ut
493 2906 548 2969 sub
565 2903 645 2969 dulei
669 2903 746 2968 alme
771 2905 856 2988 pacis
879 2905 980 2968 umbra
997 2924 1100 2970 omnes
1121 2905 1242 2970 ordines

69 3015 146 3094 regni
162 3015 268 3086 nostri,
285 3015 472 3094 gravissimis
490 3013 560 3077 belli
577 3013 705 3078 motibus
728 3013 845 3077 attritos
862 3014 1001 3097 paulatim
1023 3013 1196 3088 restaurari,
1213 3020 1244 3078 ιι

70 3122 197 3186 renovari
210 3122 365 3196 faciamus,
382 3127 415 3186 ut
429 3123 528 3187 taliter
544 3124 623 3187 idem
640 3143 765 3204 regnum
783 3126 915 3188 ιιιιιιι]
937 3123 967 3184 in
983 3125 1139 3206 pristinum
1155 3143 1239 3187 suum

23 3299 26 3330 ,
72 3231 199 3304 nitorem,
229 3251 286 3317 qun
314 3232 344 3294 id
369 3231 434 3294 lieri
458 3237 576 3315 posset,
599 3235 778 3316 reponatur;
811 3235 841 3294 et
867 3231 934 3316 quia
955 3232 1035 3296 iuter
1054 3231 1150 3296 omnia
1170 3230 1241 3295 boni

23 3335 27 3490 ξ
72 3337 172 3418 publici
195 3341 384 3405 restaurandi
406 3345 604 3412 monumenta,
636 3361 672 3403 ex
694 3340 873 3402 miserarum
894 3359 1028 3424 quoque,
1059 3341 1090 3404 in
1116 3339 1244 3402 visceri-

71 3443 118 3510 bus
137 3453 219 3512 terre
241 3449 417 3535 plerumque
434 3450 601 3514 horontium
619 3448 802 3531 diligentiori
818 3468 906 3519 cura,
930 3448 1068 3512 uberiora
1087 3447 1242 3512 commoda

71 3558 96 3617 et
120 3559 315 3624 emolumenta
344 3560 373 3622 in
396 3560 552 3623 universos
579 3562 661 3624 cives
683 3560 838 3624 dimanare
865 3559 1147 3631 animadvertamus,
1168 3579 1241 3643 pro·

71 3662 129 3729 iude
153 3667 259 3733 iisdem
284 3668 452 3733 bominibus
472 3668 652 3739 austriacis,
680 3689 735 3751 pro
757 3669 832 3732 ferri
851 3669 989 3740 fabricis,
1013 3668 1111 3732 eloco
1135 3667 1241 3732 llisen·

23 3791 25 3872 p
70 3777 176 3840 vorozel
200 3797 270 3842 curn
292 3777 464 3842 affidatione
488 3776 589 3841 iubas
610 3781 707 3841 terras
729 3777 945 3869 Uitrasilvanas
970 3779 1092 3850 voeatis,
1122 3783 1153 3840 et
1182 3777 1242 3843 bue

23 3877 24 3902 ξ
70 3879 196 3959 ἰιΙιιιιίι,
222 3906 383 3970 eorumque
411 3884 639 3950 successoribus
663 3887 790 3950 eandem
804 3885 984 3958 libertatem,
999 3890 1031 3948 ιι
1046 3886 1149 3950 eadem
1162 3886 1240 3966 jura,

72 3990 166 4077 adque
182 3995 221 4060 ab
238 3996 322 4061 initio
345 3998 443 4061 vocati
468 3996 597 4070 luerunt,
620 4001 810 4069 renovantes,
835 4001 866 4059 et
880 4000 1036 4077 augentes,
1053 4016 1107 4059 uos
1124 4016 1241 4080 quoque

73 4104 264 4178 concedimus,
280 4111 313 4169 ut
328 4105 474 4189 hospites,
505 4106 700 4190 magistrique
717 4111 747 4168 ιι
763 4106 837 4169 ferri
854 4105 941 4176 fabri,
961 4124 1124 4190 eorumque
1142 4104 1237 4168 colla-

71 4205 223 4287 boratores,
241 4214 314 4277 ferri
336 4213 465 4286 fusores,
489 4221 520 4278 et
541 4214 684 4286 cultores,
708 4234 743 4278 ιι
760 4235 861 4278 omnes
878 4213 1066 4278 laboratores
1088 4216 1116 4277 in
1139 4233 1241 4277 eorum

23 4309 25 4414 ξ
74 4323 235 4388 societatem
260 4324 329 4386 bine
354 4323 424 4386 inde
451 4324 684 4388 condescensuri
705 4323 811 4388 iisdem
832 4323 965 4405 juribus,
989 4322 1189 4394 libertatibus,
1211 4327 1243 4386 et

23 4441 24 4458 ³
73 4427 195 4506 indultis,
221 4433 255 4496 ad
281 4454 339 4517 que
362 4433 460 4497 vocati
475 4433 610 4505 luerunt,
635 4432 674 4496 de
689 4432 759 4497 hino
783 4453 900 4518 quoque
923 4433 981 4506 uti,
1006 4432 1080 4505 lrui,
1105 4438 1136 4496 et
1162 4452 1238 4514 gau·

23 4613 24 4626 ¹
73 4534 134 4603 dere
157 4543 193 4607 ad
215 4544 310 4607 instar
325 4542 506 4626 reliquorum
529 4543 558 4606 iu
591 4542 671 4608 dieta
693 4544 810 4607 dustria
839 4543 989 4627 superiori
1011 4543 1239 4607 constitutorum
