3150 5092
1235 328 1308 401 211

13 482 25 543 ἱ
116 494 204 559 nobis
220 495 253 557 in
269 492 475 561 concambium
491 496 656 578 assignate,
669 496 707 561 ad
725 496 772 561 ius
788 504 820 560 et
831 500 1047 581 proprietatem
1059 500 1236 582 monasterij
1248 502 1315 565 sine

13 594 19 652 s
116 602 214 686 aliqua
241 601 371 667 redeant
392 602 561 685 questione.
593 604 796 669 Promittimns
817 607 953 689 insuper,
976 611 1009 669 ut
1024 604 1121 670 abbas
1145 627 1225 671 nunc
1250 609 1315 671 exi·

15 720 19 727 '
114 714 200 774 stans
224 714 256 773 et
278 709 371 774 futuri
386 706 520 781 abbates,
538 710 565 773 si
585 711 705 794 quando
721 710 882 783 voluerint,
905 716 937 775 ct
953 712 1046 793 lignis
1061 734 1116 796 pro
1134 714 1265 795 editicijs
1282 718 1313 778 in

13 832 17 848 ⁵
114 818 248 881 claustro
264 816 424 887 iactandis.
437 816 484 879 nel
501 836 557 901 pro
573 817 738 883 reficiendo
756 820 940 883 monasterio
956 840 992 884 ac
1008 819 1164 885 domorum
1179 822 1210 883 in
1228 822 1314 887 clan-

16 918 20 966 ἓ
114 930 178 989 stro
206 925 404 988 existencium
429 924 631 1007 indiguerint,
656 924 780 989 liberam
807 925 938 991 habeant
959 926 1143 1001 facultatem,
1161 929 1315 993 incidendi

14 1049 19 1087 ’-
114 1033 198 1114 ligna
219 1030 252 1095 in
268 1030 354 1114 syloa
372 1032 482 1104 Lasine,
501 1039 532 1096 et
548 1033 724 1116 exportandi
741 1034 807 1097 sine
828 1036 926 1118 aliquo
941 1034 1154 1119 impedimento
1171 1040 1315 1121 quocies·

17 1142 22 1197 ὲ
114 1158 235 1222 cunque
258 1138 416 1202 voluerint.
442 1140 474 1201 ln
501 1140 587 1203 cuius
609 1141 655 1203 rei
678 1143 851 1204 memoriam
874 1147 906 1204 et
931 1148 1108 1225 perpetuam
1131 1144 1316 1218 firmitatem,

13 1278 19 1325 ¹,
113 1248 194 1312 banc
217 1249 342 1322 cartam,
360 1248 469 1309 seriem
491 1250 721 1329 permutationis
739 1252 942 1313 continentem
959 1250 1059 1330 sigillo
1075 1257 1190 1322 nostro,
1215 1252 1316 1315 abbati

13 1385 19 1411 .·
113 1361 143 1421 et
176 1353 359 1418 monasterio
387 1353 525 1437 sepoiato
553 1354 660 1419 damus
686 1360 717 1419 et
740 1356 886 1420 tradimus
910 1358 1128 1439 consignatam.
1153 1359 1262 1423 Datum
1284 1362 1315 1422 in

14 1482 17 1505 ⁵
114 1463 245 1527 lllusuar
277 1461 307 1523 in
337 1462 418 1527 testo
451 1461 645 1527 exaltacionis
670 1469 776 1527 sancte
799 1464 910 1528 crucis.
939 1465 1024 1529 Anno
1048 1466 1160 1529 domini
1181 1466 1314 1531 illicet

114 1571 314 1654 nonagesimo
331 1590 418 1634 nono.

631 1752 797 1824 ccxviii.

352 1890 434 1957 1299,
451 1890 495 1945 29.
516 1890 687 1961 September.
706 1888 798 1943 Villa
819 1889 1077 1945 cruciferorum.

104 2068 108 2075 ,
207 1997 320 2061 Amicis
336 1998 399 2061 suis
415 1998 594 2061 reverendis
611 1996 779 2061 honorabili
796 1997 926 2080 capitulo
948 1996 1083 2061 ecclesie
1100 1998 1317 2063 Transsilnane

14 2165 18 2175 1,
114 2104 280 2171 badiulaus
300 2106 447 2187 woyuoda
461 2105 695 2170 Transsiluanus
715 2109 746 2167 et
758 2123 860 2168 comes
877 2102 1028 2167 deZonul
1045 2107 1212 2170 amiciciam
1227 2128 1317 2190 para·

14 2256 19 2277 1.
113 2222 174 2279 tam
193 2232 262 2277 cum
278 2213 405 2277 bonore.
424 2212 505 2276 Dicit
526 2211 616 2275 nobis
638 2212 802 2295 religiosus
830 2212 877 2275 nir
899 2213 994 2274 frater
1010 2212 1145 2277 Lazarus
1167 2213 1260 2277 abbas
1279 2216 1318 2279 de

114 2324 387 2390 Columnarum,
413 2320 491 2403 qnod
522 2322 587 2402 ipse
617 2321 646 2383 in
675 2320 836 2383 dominium
859 2318 1012 2381 cuiusdam
1035 2323 1239 2403 possessionis
1262 2343 1318 2386 sue

13 2476 17 2510 a
113 2430 309 2517 Bupartctloc
324 2432 430 2493 vocata
447 2427 477 2490 in
495 2428 635 2491 comitatu
652 2427 691 2491 de
715 2426 786 2491 Cius
803 2427 960 2490 existentis
977 2447 1034 2511 per
1059 2430 1263 2493 venerabilem
1284 2433 1316 2494 in

13 2544 18 2601 ὲ
114 2538 237 2602 Christo
259 2540 375 2619 patrem
403 2535 553 2599 dominum
579 2536 699 2599 Petrum
722 2535 898 2619 episcopum
923 2534 1073 2599 dominnm
1105 2542 1135 2599 et
1166 2536 1316 2619 prelatum
1349 2551 1351 2554 ’

13 2652 19 2690 ’-
113 2649 250 2711 nestrum
271 2644 300 2705 in
324 2642 420 2707 forma
442 2642 674 2725 composicionis
700 2643 729 2703 in
753 2641 961 2706 concambium
984 2644 1188 2723 possessionis
1212 2645 1314 2709 Send-

13 2802 14 2823 2
113 2751 238 2837 gyungb
255 2754 286 2813 et
300 2748 378 2813 silue
395 2750 496 2813 bestie
512 2756 683 2813 vocatarum
701 2750 758 2813 sibi
775 2754 806 2813 ct
822 2769 877 2813 suo
895 2751 1079 2813 monasterio
1095 2750 1315 2834 perpetualiter

13 2912 14 2933 a
114 2862 184 2925 date
201 2858 348 2940 legittima
359 2857 453 2921 vellet
467 2858 593 2922 introire
609 2857 637 2921 si
653 2855 857 2920 contradiccio
875 2857 1041 2941 cuiuspiam
1064 2856 1122 2921 sibi
1145 2880 1204 2921 non
1229 2858 1313 2925 obni-

13 2988 16 3049 t
115 2973 182 3033 aret
198 2968 229 3029 in
246 2966 303 3029 hac
319 2970 415 3049 parte.
441 2966 618 3050 Superque
635 2969 765 3029 nestram
783 2965 947 3027 amiciciam
973 2966 1167 3047 presentibus
1183 2968 1314 3051 requiri-

115 3097 183 3141 mus
207 3079 396 3143 reuerenter‚
413 3078 559 3155 quatenns
583 3077 718 3137 vestrum
735 3072 860 3135 mittatis
882 3073 1033 3136 bominem
1060 3093 1116 3156 pro
1140 3076 1313 3137 testimonio

14 3215 15 3243 3
115 3183 300 3265 lidedignum
317 3202 381 3273 quo¹
392 3185 535 3265 presente
550 3180 701 3265 Nycolaus
719 3180 767 3244 vel
784 3179 939 3243 lohannes
964 3180 1081 3245 nobiles
1098 3182 1137 3245 de
1153 3183 1247 3254 Mena,
1264 3188 1315 3245 aut

14 3321 15 3351 n
113 3293 265 3374 magister
279 3290 431 3375 Nycolaus
442 3288 516 3352 Chol
529 3288 627 3352 dictus
639 3290 676 3351 de
690 3287 944 3371 Zentbmybeltels
957 3288 1023 3369 alijs
1036 3289 1212 3352 absentibus
1225 3286 1314 3353 honio

114 3403 220 3463 noster
232 3397 425 3481 presentibus
438 3397 544 3460 vicinis
559 3401 590 3459 et
608 3396 821 3459 commetaneis
829 3396 967 3478 predicte
978 3399 1182 3479 possessionis
1195 3398 1314 3478 Bagar-

14 3540 15 3561 2
113 3507 177 3571 tall<
205 3510 311 3569 vocate
335 3506 469 3587 legitime
492 3504 565 3567 inibi
592 3502 767 3567 conuocatis
786 3502 825 3563 ad
846 3504 954 3566 taciem
979 3504 1115 3565 eiusdem
1140 3504 1314 3568 accedendo

114 3614 281 3679 reambulet
307 3633 363 3695 per
394 3632 482 3676 veras
506 3631 577 3675 suas
608 3616 703 3675 metas
725 3614 757 3674 et
780 3610 917 3693 antiquas
935 3630 1028 3673 nonas
1050 3610 1130 3673 iuxta
1146 3616 1266 3673 veteres
1283 3612 1314 3673 in

114 3723 193 3788 locis
209 3719 395 3801 necessarijs
411 3719 569 3803 erigendo,
586 3715 834 3802 reambulataque
851 3717 935 3781 stab
953 3717 1077 3780 aliorum
1101 3719 1314 3801 possessiona-

114 3831 169 3895 riis
182 3827 302 3910 juribus
325 3826 462 3909 legitime
485 3830 657 3910 separatam
681 3824 906 3889 et'distinctam
928 3830 1040 3887 statuat
1064 3825 1191 3889 eandem
1215 3825 1314 3888 eidem

114 3939 231 4001 Lanato
251 3936 351 3999 abbati
367 3942 398 4001 at
410 3956 464 3998 sno
482 3934 665 3997 monasterio
683 3954 720 3997 eo
733 3933 803 4014 jure
820 3952 878 4016 qno
897 3953 933 3995 ex
949 3933 1047 3995 causis
1065 3934 1221 4017 premissis
1238 3934 1313 4015 ipsis

115 4046 285 4108 dinoscitur
306 4045 460 4126 pertinere
483 4046 629 4126 perpetuo
653 4039 865 4124 possidendam
888 4041 915 4101 si
937 4060 993 4122 per
1010 4040 1126 4124 aliquos
1142 4060 1200 4105 uon
1223 4040 1316 4103 fuerit

115 4152 345 4220 contradictum,
368 4150 607 4215 contradictores
624 4169 695 4212 vero
712 4148 791 4231 siqui
806 4148 918 4211 fuerint
934 4149 1010 4211 citet
1024 4148 1107 4230 ipsos
1124 4153 1227 4211 contra
1243 4168 1315 4230 pre·

115 4266 247 4327 notatum
269 4260 415 4323 Lanarum
439 4258 578 4321 abbatem
599 4258 628 4319 in
645 4263 778 4320 nostram
795 4256 984 4338 presenciam
1000 4254 1038 4320 ad
1054 4258 1214 4319 terminum
1227 4274 1313 4317 com·

113 4374 268 4455 petentem
293 4367 439 4429 rationem
462 4364 693 4429 contradicionis
717 4366 851 4447 ipsorum
873 4363 1057 4427 reddituros.
1097 4363 1133 4424 nt
1161 4368 1230 4445 post
1255 4361 1313 4424 bec

114 4478 212 4561 ipsius
223 4474 466 4558 possessionarie
478 4472 718 4537 introdnccionis
731 4476 762 4535 et
780 4472 957 4535 statucionis
970 4492 1005 4535 ac
1014 4477 1159 4535 metarum
1169 4488 1313 4534 nouarum

1040 4578 1095 4630 14*
