3150 5092
306 297 381 370 124

303 471 503 558 Stcplruooc,
523 474 617 539 abhas
639 477 812 540 monasterii
826 477 861 542 S.
877 477 1086 564 margaretae
1099 477 1273 549 deMeaca,
1299 476 1339 539 ad
1364 480 1497 539 nostram
1558 493 1559 560 l

302 581 454 645 accedens
471 585 777 665 presenciam-uobis
793 585 945 649 humiliter
960 584 1159 668 supplicavit,
1182 589 1215 647 ut
1230 584 1363 667 quintam
1380 590 1498 666 partem

301 693 499 770 proventuum
527 690 632 755 tributi
654 691 818 763 (10Ζί1010,
841 690 1015 764 annualem,
1038 711 1125 775 quam
1150 690 1269 755 domina
1290 695 1393 763 Anna,
1418 690 1497 754 bone

302 797 457 870 memorie,
473 798 621 881 quondam
637 798 763 862 illustris
779 800 897 880 regina,
908 818 1033 862 consors
1046 797 1153 862 inclite
1164 799 1397 862 recordacionis
1408 800 1497 861 tercii

301 903 386 980 Bcle,
402 906 485 988 regis
503 904 645 988 Vagarie,
667 927 722 990 pro
744 907 842 970 anime
864 928 918 971 sue
934 907 1082 979 remedio,
1105 908 1287 970 monasterio
1304 907 1397 970 beate
1413 907 1495 970 llar-

301 1013 429 1093 garcthc
461 1013 500 1076 de
527 1014 629 1078 llezes
661 1018 692 1077 et
723 1015 906 1088 contulerat,
933 1020 965 1079 et
994 1014 1184 1098 postmodum
1214 1015 1437 1079 ordinationem
1467 1019 1498 1077 et
1558 1058 1559 1063 η

303 1120 493 1184 donationem
520 1122 646 1186 eandem
669 1123 786 1186 domina
811 1123 924 1194 Maria,
947 1142 1072 1186 consors
1089 1123 1163 1185 Bele
1178 1124 1263 1205 regis
1278 1123 1396 1205 quarti,
1414 1123 1495 1186 clare

302 1229 539 1303 recordacionis,
556 1228 631 1292 licet
647 1228 685 1315 (f.
703 1228 796 1314 nihil)
811 1229 1009 1302 immutando,
1026 1229 1231 1319 confirmarat,
1248 1249 1304 1292 suo
1321 1228 1494 1312 privilegio,

302 1335 381 1420 quod
397 1336 465 1420 ipse
482 1336 574 1402 abbas
590 1338 677 1401 nobis
693 1336 837 1410 exhibuit,
854 1336 1014 1410 mediante,
1031 1338 1129 1401 eidem
1146 1338 1279 1401 ecclesie
1299 1338 1398 1399 Beate
1416 1337 1496 1399 Mar-

301 1444 429 1527 garethe
459 1446 497 1508 dc
523 1446 626 1508 Maces
654 1445 785 1509 reddere
813 1449 845 1508 et
870 1447 1034 1508 restituere
1061 1445 1263 1526 dignaremur.
1299 1445 1364 1508 Nos
1392 1446 1496 1525 igitur.

301 1552 555 1636 predecessorum
570 1556 738 1615 nostrorum
748 1553 844 1616 sacris
857 1554 996 1636 vestigo'is
1008 1553 1194 1624 inherentes,
1206 1553 1497 1636 considerantesque
1558 1548 1559 1607 ἒ

304 1661 375 1723 nihil
388 1667 447 1722 tam
465 1659 596 1734 salubre,
613 1664 733 1742 tamque
749 1660 842 1741 pium,
864 1678 953 1743 quam
974 1680 1029 1744 pro
1051 1659 1193 1724 ecclesiis
1215 1661 1272 1724 Dei
1287 1661 1496 1743 provisionem

301 1768 414 1839 facere,
433 1768 479 1830 vel
496 1766 602 1830 saltem
619 1766 741 1830 easdem
756 1768 786 1830 in
799 1766 919 1848 juribus
935 1768 1000 1832 suis
1017 1768 1175 1851 acquisitis
1191 1788 1392 1840 conservare;
1410 1789 1448 1831 ne
1464 1769 1494 1831 in

299 1876 376 1959 ipsis
392 1881 518 1959 propter
534 1874 686 1939 defectum
701 1874 849 1938 honorum
864 1876 1084 1958 temporalium,
1108 1876 1174 1939 sine
1196 1877 1305 1961 quibus
1322 1877 1493 1960 spiritualia

302 1985 422 2046 minime
449 1983 635 2053 consistunt,
661 1983 761 2048 divine
783 1983 881 2046 laudis
913 2001 1027 2064 organa
1055 1983 1296 2067 suspendantur,
1324 1985 1495 2067 predictam

302 2092 433 2176 quintam
449 2095 565 2175 partem
580 2096 778 2174 proventuum
795 2091 891 2173 ipsius
907 2091 1014 2155 tributi
1025 2090 1064 2153 de
1075 2091 1162 2154 Zilolr
1174 2091 1340 2163 annualem,
1356 2091 1396 2154 oh
1409 2113 1497 2156 rere-

303 2201 434 2264 renciam
451 2205 480 2262 et
496 2200 694 2270 devotionem,
714 2218 801 2282 quam
824 2218 898 2280 erga
923 2197 1041 2262 beatam
1063 2198 1285 2281 Margarctham
1302 2201 1451 2279 gerimus,
1467 2205 1498 2262 ct

301 2309 399 2371 anime
423 2311 527 2372 nostre
548 2307 732 2378 remedium,
753 2305 893 2390 predicto
916 2307 1098 2370 monasterio
1125 2306 1214 2369 beate
1234 2307 1435 2390 Margarethc
1456 2308 1494 2371 de

302 2416 405 2479 Menas
431 2415 656 2481 ordinacionem
683 2435 736 2478 seu
768 2413 964 2479 collacionem
985 2415 1104 2498 prefate
1131 2414 1251 2478 dominc
1277 2418 1365 2478 Anne
1387 2417 1496 2497 regins

303 2528 395 2586 ratam
412 2523 558 2587 habentes
576 2530 606 2588 ct
621 2527 748 2605 gratam,
772 2525 863 2606 prout
883 2527 915 2584 et
938 2528 1102 2605 acceptam,
1124 2521 1340 2586 restituendam
1358 2523 1497 2588 duximus

301 2637 458 2714 perpetuo,
474 2636 565 2717 prout
577 2637 607 2694 et
622 2629 825 2701 reddendam;
842 2629 979 2692 volentes
997 2637 1030 2692 ut
1045 2650 1172 2712 presens
1194 2635 1299 2694 nostra
1321 2633 1494 2703 concessio,

301 2762 355 2803 seu
373 2741 564 2803 confirmacio
581 2739 691 2822 prioris
707 2738 882 2801 donacionis
898 2738 1017 2801 domine
1033 2740 1127 2808 Anne,
1144 2740 1251 2820 regine
1268 2739 1397 2820 prefate,
1422 2760 1495 2822 pcr-

301 2854 422 2931 petuom
439 2849 478 2911 sit
493 2850 724 2912 monumentum.
758 2847 789 2909 ln
812 2843 897 2924 cujus
913 2847 959 2908 rei
975 2845 1179 2909 testimonium
1196 2850 1226 2908 et
1247 2850 1425 2928 perpetuam
1442 2846 1496 2909 tir·

302 2958 444 3026 mitatem,
461 2959 621 3038 presentes
639 2953 847 3017 concessimus
863 2953 998 3025 litteras,
1016 2953 1146 3037 duplicis
1161 2953 1256 3034 sigilli
1277 2955 1376 3016 nostri
1398 2955 1496 3018 muni·
1558 2970 1559 3017 3

302 3065 381 3126 minc
407 3063 574 3128 roboratas.
604 3064 710 3126 Datum
734 3081 792 3144 per
814 3081 918 3125 manus
940 3082 1007 3125 ven.
1032 3061 1129 3144 patris
1153 3061 1288 3136 Thome,
1313 3061 1370 3124 Dei
1393 3063 1495 3142 gracia

302 3172 438 3254 episcopi
455 3170 626 3240 Vacicnsis,
644 3169 713 3232 aule
729 3173 834 3232 nostre
850 3171 1034 3241 cancellarii,
1051 3169 1150 3232 tidelis
1166 3169 1272 3241 nostri,
1288 3189 1366 3232 anno
1384 3170 1494 3233 domini

302 3279 467 3350 millesimo,
486 3278 704 3347 ducentesimo,
722 3277 928 3359 octuagesimo
944 3278 1049 3361 primo.

839 3445 958 3513 dxxx.

751 3580 834 3640 ¹282,
851 3581 896 3633 22.
916 3580 1043 3633 Februar.

392 3687 561 3771 Capitulum
578 3690 710 3753 ecclesie
732 3689 923 3753 Varadiensis
945 3690 1083 3754 omnihus
1105 3691 1213 3774 quibam
1229 3697 1393 3774 presentes
1411 3696 1492 3778 patu·

302 3799 382 3860 erint
397 3795 526 3858 salutem
540 3797 569 3858 in
587 3796 704 3859 domino
721 3799 945 3879 sempiternam.
963 3796 1009 3860 Ad
1021 3798 1229 3861 universorum
1244 3799 1492 3865 notitinmtencre

301 3905 487 3989 presentium
504 3903 637 3967 volumus
658 3903 834 3986 pervenire,
859 3904 937 3987 quod
961 3925 1027 3968 cum
1051 3906 1130 3970 inter
1154 3905 1358 3970 venerabilem
1380 3913 1491 3992 patrem

301 4011 451 4074 dominum
460 4012 616 4075 Joanncm
632 4012 805 4094 episcopum
824 4011 955 4075 ecclesie
970 4012 1256 4095 Transylvanicnsis
1272 4034 1309 4076 cx
1325 4035 1383 4078 una
1400 4021 1490 4100 parte,

302 4120 382 4182 iuter
409 4117 548 4180 comitem
563 4118 762 4205 Stephanum
784 4118 875 4183 filium
892 4119 958 4184 File
980 4119 1050 4183 bani
1070 4120 1107 4183 ab
1131 4121 1240 4193 altera,
1263 4141 1356 4204 super
1371 4124 1490 4206 quadam
1558 4102 1559 4129 ³

302 4227 449 4311 particula
475 4230 574 4298 terre,
599 4226 637 4289 ad
659 4247 744 4290 usum
761 4230 888 4293 duorum
911 4235 1080 4292 aratrorum
1096 4233 1128 4291 et
1144 4228 1258 4291 dimidii
1273 4229 1451 4294 sufficientis
1465 4231 1492 4292 in

302 4333 396 4413 ligura
414 4332 522 4414 judicii
545 4333 655 4397 diutius
677 4335 785 4398 fuisset
806 4335 1022 4418 disceptatum,
1043 4335 1164 4401 tandem
1186 4355 1289 4399 comcs
1312 4336 1488 4401 Benedictus

302 4438 441 4504 officialis
455 4439 585 4522 predicti
596 4441 779 4506 venerabilis
791 4445 897 4528 patris,
911 4444 978 4507 vice
991 4447 1022 4509 et
1035 4444 1152 4507 nomine
1165 4443 1301 4525 ejusdem
1313 4444 1490 4508 venerabilis
