3150 5092
1158 333 1231 410 147

52 528 141 573 auum
155 512 305 581 nnstmm,
330 513 360 574 et
380 509 562 594 Stephanum
578 509 678 574 felicis
706 510 928 576 recordacionis
949 516 1065 596 patrem
1088 516 1233 589 nostrum,

53 638 111 683 nec
132 639 193 684 non
215 639 271 704 per
286 640 351 697 nos,
375 619 507 686 ecclesie
530 618 610 684 beati
625 619 778 686 Michaelis
794 621 959 686 cathedrali
977 621 1077 701 datas,
1093 625 1188 689 lactas
1205 629 1235 689 et

52 727 191 802 collatas,
219 727 337 794 scilicet
362 728 460 794 uillam
488 728 644 795 Culuswar
668 750 734 794 cum
758 731 821 795 suis
851 731 1055 814 pertinentiis,
1084 738 1115 796 et
1135 732 1234 797 uillam

51 837 217 904 Albensem
244 856 309 901 cum
336 839 486 904 territerio
514 859 567 904 suc
590 839 740 912 uniuerso,
757 845 788 904 et
806 839 873 922 ahjs
889 839 946 904 sihi
962 840 1124 924 attinentiis
1139 842 1235 926 perti-

51 946 206 1020 nentibus,
234 967 290 1013 nec
314 968 373 1014 uon
400 953 431 1013 et
458 947 529 1012 alias
551 948 733 1014 donaciones
749 954 868 1014 uestras
884 949 981 1013 literis
998 969 1051 1013 seu
1067 949 1235 1035 priuilegijs

52 1057 169 1120 uostris
187 1056 395 1130 consolidatos,
412 1057 544 1124 ecclesie
560 1057 706 1142 prelibate
723 1056 947 1130 alienassemus‚
970 1060 1149 1132 revocando,
1165 1064 1234 1124 tau-

53 1165 122 1232 dem
136 1165 243 1230 eodem
255 1166 425 1231 uenerabile
438 1172 523 1252 patre
536 1172 665 1242 nostram
678 1167 808 1251 graciam
820 1171 851 1230 et
863 1166 1059 1231 dileccinnem
1072 1167 1235 1240 obtinente,

53 1282 83 1341 et
104 1277 277 1361 peremnia
298 1277 455 1342 immunem
472 1297 516 1350 se,
541 1275 626 1341 ucbis
653 1277 683 1339 in
711 1275 886 1340 executione
906 1275 1036 1359 predicti
1061 1282 1092 1341 et
1111 1276 1236 1358 injuncti

53 1384 112 1449 sibi
129 1383 262 1450 mandati
279 1383 418 1450 exibente
440 1389 471 1450 et
492 1385 637 1450 reddente
660 1385 868 1470 possessiones
891 1383 1062 1469 prelibatae
1084 1390 1115 1449 et
1130 1406 1233 1450 omnes

52 1494 128 1560 alias
158 1493 344 1567 donationes,
367 1513 459 1578 super
474 1495 579 1580 quibus
594 1494 692 1568 litere,
715 1513 768 1558 seu
785 1492 943 1578 priuilegia
960 1498 1060 1559 nosha
1077 1500 1146 1559 saut
1161 1515 1235 1560 con-

54 1624 154 1678 cessa,
169 1603 266 1670 eidem
282 1601 415 1668 ecclesie
441 1603 522 1670 beati
544 1602 700 1667 Michaelis
717 1602 888 1685 archangeli
903 1602 1074 1668 reddendas
1099 1602 1232 1670 duximus
1336 1617 1338 1621 ’

52 1713 310 1784 inrevocabihter,
327 1733 363 1792 ex
378 1714 481 1798 gracia
497 1718 597 1779 nostra
613 1712 750 1797 pleniori,
766 1718 798 1776 et
818 1714 903 1795 regio
920 1731 988 1776 cum
1003 1711 1116 1786 fauore,
1131 1712 1232 1798 possi-

53 1822 173 1888 dendas
199 1827 230 1887 et
249 1820 410 1896 habendas,
431 1826 519 1907 prout
546 1821 690 1888 hactenus
713 1820 843 1886 ecclesia
865 1825 1027 1885 memorata
1042 1820 1147 1886 habuit
1160 1841 1233 1907 pos·

55 1932 146 2008 sedit,
165 1934 343 1997 inconcusse
356 1930 393 1995 ab
406 1931 524 2019 antiquo
536 1937 568 1996 et
580 1931 617 1995 ab
630 1930 765 1996 omnibus
777 1930 847 2005 illis,
864 1930 971 2015 quihus
987 1928 1083 2003 villas,
1095 1951 1149 1994 seu
1166 1950 1238 2017 pos-

52 2043 208 2107 sessiones
220 2039 408 2125 supradictas
419 2042 645 2114 contuleramus,
653 2059 829 2105 revocamus
842 2059 897 2124 per
909 2043 1065 2124 presentes
1079 2043 1109 2103 et
1121 2039 1237 2105 litteras

12 2173 13 2194 ³
56 2153 187 2221 nostras,
205 2147 318 2212 eisdem
336 2168 426 2233 super
447 2149 533 2214 dictis
555 2147 797 2233 possessionibus
820 2151 980 2222 emanatas,
1003 2166 1106 2213 cassas
1129 2149 1236 2214 decer-

55 2257 155 2322 nimus
178 2263 209 2320 et
229 2258 333 2322 inanes
349 2263 381 2322 et
395 2258 510 2323 iuribus
526 2258 644 2342 penitus
661 2259 818 2322 carituras.
840 2258 871 2320 ln
888 2256 973 2338 cujus
994 2259 1039 2320 rei
1055 2258 1236 2331 memoriam,

56 2371 293 2452 perpetuamque
323 2366 505 2441 lirmitatem,
536 2372 694 2452 presentes
732 2366 937 2432 concessimus
974 2363 1078 2429 literas
1110 2349 1235 2452 duplicis

11 2451 12 2474 Χ
56 2476 150 2559 sigilli
167 2474 261 2539 nostri
277 2478 437 2542 munimine
452 2475 617 2541 roboratas.
635 2477 740 2540 Datum
757 2478 786 2539 in
798 2473 934 2559 Apnldija
950 2473 1095 2548 inferiori,
1112 2477 1141 2538 in
1158 2477 1236 2541 festo

11 2667 12 2678 ἵ
56 2588 154 2651 sancti
174 2584 262 2668 Egidi
286 2587 419 2660 abbatis,
442 2607 496 2672 per
527 2603 629 2649 manus
652 2604 719 2648 ren.
743 2585 851 2670 patris,
873 2582 983 2648 domini
1005 2580 1165 2667 Gregorij,
1188 2584 1236 2648 dei

11 2729 12 2748 ÷
56 2697 161 2778 gracia
178 2695 314 2781 episcopi
332 2694 556 2767 Chanadieusis,
583 2693 651 2758 aule
673 2699 775 2759 nostre
797 2688 1055 2774 vicecancellarii,
1079 2691 1179 2757 dilecti
1204 2698 1235 2756 et

58 2805 156 2872 lidelis
168 2805 264 2870 nostri
275 2826 350 2871 auno
363 2804 473 2870 domini
482 2801 627 2867 dcccco.
636 2805 821 2885 octogesimo
833 2823 923 2875 nono,
935 2802 1022 2884 regni
1034 2807 1131 2866 autem
1144 2799 1237 2865 nostri

60 2935 135 2980 anno
156 2914 423 3001 decimoseptimo.

613 3100 691 3171 Chl.

485 3237 562 3301 1289,
582 3236 624 3291 18.
644 3236 810 3308 September.

149 3353 309 3418 hadialaus
327 3352 376 3416 dei
391 3350 492 3434 gracia
509 3348 667 3430 Hungarie,
680 3346 842 3419 Dalmaeie,
855 3345 991 3417 Croacie
1004 3343 1105 3416 Reme,
1121 3341 1238 3412 Seu-uie,

63 3464 202 3535 Gallicie,
214 3461 404 3532 hodomerie,
418 3457 568 3530 Cumanie
578 3457 776 3541 Bulgarieque
791 3475 853 3519 rex.
872 3452 1014 3518 Omnibus
1032 3450 1144 3516 Christi
1161 3449 1238 3513 lide-

60 3574 138 3638 libus
160 3591 289 3657 presens
311 3569 454 3651 scripturn
477 3566 676 3648 inspecturis,
703 3564 827 3629 salutem
846 3563 876 3625 in
900 3561 1002 3626 salutis
1024 3560 1177 3642 largitore.
1201 3557 1240 3623 vt

61 3683 244 3747 collaciones
276 3677 441 3764 principum
465 3681 608 3760 perpetua
639 3672 777 3738 lirmitate
803 3671 970 3737 solidentur
998 3689 1052 3733 sen
1080 3666 1239 3731 fulciantur

60 3789 224 3854 litterarum
241 3787 337 3850 solent
351 3782 711 3849 testimouio'communiri
733 3783 786 3845 seu
807 3780 997 3864 perbeuuari.
1027 3776 1238 3839 inconcussum

60 3900 172 3986 quippe
189 3899 353 3982 permanet,
370 3892 449 3980 quod
466 3891 552 3974 regio
568 3892 732 3976 patrocinio
749 3891 967 3961 communitum,
984 3885 1109 3971 proinde
1122 3883 1158 3947 ad
1175 3883 1240 3948 uui-

61 4026 219 4074 uersorum
246 4011 304 4068 tam
336 4002 526 4088 presencium
554 4022 640 4087 quam
666 4000 832 4063 futurorum
859 3996 1000 4061 noticiam
1028 3994 1132 4058 harum
1159 3993 1240 4056 serie

61 4118 195 4183 uolumus
214 4112 384 4200 peruenire.
410 4109 495 4194 Quod
521 4129 575 4172 uns
603 4107 801 4173 consideratis
823 4104 1017 4170 fidelitatibus
1034 4108 1065 4168 et
1080 4101 1240 4165 meritoriis

64 4226 198 4291 seruitiis
224 4224 400 4289 Siculorum
428 4224 597 4284 nostrorum
625 4237 715 4302 super
742 4223 822 4281 terra
846 4218 967 4282 Oranus
995 4210 1241 4278 commorancium

64 4356 115 4399 seu
131 4331 342 4402 residencium,
361 4349 420 4415 que
437 4328 531 4413 primo
548 4324 665 4388 domino
682 4326 748 4408 regi
764 4325 915 4409 Stephano
932 4321 1009 4407 patri
1025 4325 1126 4384 nostro
1144 4318 1240 4382 haris·

65 4443 137 4506 simo
163 4447 194 4505 et
219 4460 274 4524 per
297 4458 483 4523 consequens
506 4434 592 4498 nobis
616 4455 681 4498 cum
708 4454 821 4496 summo
847 4431 952 4495 ardore
969 4428 1121 4493 fidelitatis
1138 4425 1241 4490 lauda·

63 4550 163 4622 biliter
188 4548 399 4630 exhibuerunt,
424 4551 456 4614 ut
477 4543 621 4625 fideliter,
638 4543 683 4614 sic
699 4541 824 4617 devote,
840 4561 898 4628 que
914 4539 1032 4624 quidem
1050 4558 1104 4623 per
1119 4535 1238 4624 singula

969 4644 1023 4709 10·
