3150 5092
309 329 383 400 122

303 503 582 586 Baratpyspuly-
599 527 651 570 are
667 507 746 572 sicut
761 527 826 572 mos
844 514 892 573 est
905 510 1008 573 iurare
1024 508 1178 590 episcopis
1195 525 1289 588 super
1304 509 1388 566 terra
1403 522 1497 586 super
1564 522 1565 559 1

303 629 350 682 eo,
366 612 445 694 quod
462 613 598 695 predicta
615 619 696 677 terra
713 614 873 679 duodecim
890 622 1058 680 aratrorum
1071 616 1111 677 sit
1125 614 1221 696 ipsius
1238 617 1270 675 et
1281 610 1418 674 ecclesie
1430 630 1495 680 sue,
1564 604 1565 611 '

303 724 334 783 et
350 741 409 783 non
425 722 517 784 luerit
533 727 563 784 et
575 741 633 785 nec
649 724 689 784 sit
714 724 848 807 ipsorum
871 723 1002 788 liliorum
1018 722 1150 793 Baarch3
1173 722 1272 808 ipsum
1292 719 1398 802 itaque
1411 718 1495 780 iura·

303 830 434 890 mentum
449 826 619 892 uolentibus
635 832 666 892 et
680 830 810 913 -ipsis
824 830 958 913 partibus
975 852 1030 913 per
1046 850 1101 892 nos
1117 828 1230 892 exstitit
1243 827 1414 910 judicatum
1425 829 1496 907 post

301 933 360 996 hec
376 941 478 1016 partes
493 934 523 996 13
540 935 654 999 octauis
671 938 834 1000 natiuitatis
850 940 947 1001 sancti
961 937 1110 1000 Iohannis
1125 936 1257 1018 baptiste
1278 953 1386 996 coram
1407 931 1494 995 nobis
1564 1007 1565 1013 ἵ

301 1042 464 1126 compareh
492 1042 675 1106 -seriem
703 1045 798 1127 ipsius
826 1045 982 1109 iuramenti
1008 1043 1039 1107 in
1066 1043 1164 1106 literis
1191 1043 1265 1106 dieti
1294 1039 1492 1104 Varadiensis

299 1148 422 1230 capituli
437 1148 617 1214 exhibendo.
641 1151 750 1215 Datum
767 1153 851 1216 Bude
865 1159 951 1218 sexto
971 1153 1022 1217 die
1039 1151 1129 1232 medij
1149 1150 1395 1235 quadragesime,
1413 1167 1488 1210 anno

301 1254 413 1318 domini
429 1256 563 1321 Medus.
580 1261 783 1341 octuagesImo
799 1261 906 1343 primo.

816 1443 977 1515 CXXVIII.

734 1580 817 1644 ress,
834 1581 878 1636 33.
891 1580 1057 1652 September.

389 1686 556 1772 Capitulum
581 1723 622 1734 -
640 1724 685 1735 —
701 1725 744 1737 -
765 1691 890 1754 salutem
911 1691 941 1754 in
964 1688 1083 1752 domino
1107 1686 1340 1769 sempiternam,
1364 1683 1405 1746 ad
1426 1683 1491 1746 uni·

298 1813 453 1858 uersorum
471 1795 609 1858 notIciam
625 1801 731 1860 tenore
745 1799 938 1881 presencium
953 1798 1087 1862 volumus
1102 1795 1275 1878 peruenire,
1288 1792 1373 1874 quod
1387 1824 1434 1838 -
1451 1824 1492 1836 -

299 1937 343 1948 -
366 1903 461 1985 patris
484 1902 594 1965 domini
611 1902 643 1965 P.
666 1906 804 1990 episcopi
825 1906 971 1971 3111313313
994 1902 1125 1966 ecclesie
1146 1899 1345 1964 Transilnane
1367 1899 1438 1962 vice
1463 1901 1503 1960 et

299 2009 419 2072 nomine
441 2011 537 2092 ipsius
554 2010 666 2075 domini
688 2013 825 2096 episcopi
842 2033 879 2075 ex
901 2032 958 2075 ona
972 2013 1058 2094 parte
1079 2011 1225 2091 magister
1246 2042 1292 2052 -
1315 2007 1355 2070 de
1378 2025 1491 2088 genere

302 2116 390 2181 Chalc
406 2135 461 2200 pro
475 2137 509 2179 se
526 2122 557 2181 et
572 2121 691 2182 nomine
707 2119 872 2201 Mychaelis
888 2122 920 2181 et
936 2118 1033 2182 Barch
1049 2120 1174 2181 fratrum
1190 2135 1323 2186 suorum,
1345 2115 1385 2178 ab
1402 2112 1493 2176 altera
1565 2126 1566 2193 ᾗ

300 2241 401 2285 coram
420 2223 507 2287 nobis
524 2261 569 2272 —
588 2261 628 2274 —
645 2263 689 2274 —
706 2226 791 2290 nobis
808 2227 878 2290 hinc
901 2227 971 2289 inde
996 2224 1056 2288 duo
1081 2226 1163 2309 paria
1189 2225 1346 2287 literarum
1375 2223 1493 2286 comitis
1565 2212 1566 2215 ¹

298 2329 444 2413 Stephani
465 2332 642 2397 vieeiudieis
665 2335 749 2398 curie
773 2334 885 2398 domini
906 2334 990 2416 regis
1012 2333 1142 2397 eundem
1163 2368 1208 2379 —
1223 2368 1268 2378 -
1283 2367 1330 2378 —
1355 2330 1414 2395 sub
1439 2331 1492 2393 hac
1565 2352 1566 2413 ᾗ

300 2440 408 2501 forma:
1565 2428 1566 2431 ¹

387 2546 448 2611 Nos
466 2567 568 2612 comes
585 2548 631 2611 St.
648 2553 708 2614 ete.
727 2547 829 2634 (siehe
845 2548 894 2612 die
909 2549 1017 2629 vorige
1032 2546 1105 2610 Url.
1123 2569 1151 2611 v.
1171 2546 1289 2630 1281).

385 2653 447 2716 Nos
464 2653 555 2736 igitur
578 2657 652 2719 visis
674 2655 770 2719 literis
787 2657 883 2738 ipsius
901 2657 1018 2720 comitis
1035 2655 1182 2736 Stephani
1206 2652 1387 2717 riceiudicis
1412 2653 1493 2716 curie
1566 2732 1567 2737 ἵ

295 2760 405 2822 domini
426 2763 510 2844 regis
527 2767 557 2825 et
573 2761 662 2845 plene
686 2763 848 2826 intellectis
872 2763 1038 2826 communis
1056 2762 1133 2844 juris
1151 2759 1253 2823 debito
1272 2763 1431 2842 prenotati
1454 2759 1489 2824 ad

293 2867 471 2931 instanciam
488 2870 643 2951 utriusque
658 2870 793 2953 parcium
808 2871 1010 2953 predictarum
1027 2867 1156 2932 nobilem
1169 2870 1263 2931 virum
1283 2872 1315 2930 31
1327 2867 1492 2930 discretum
1566 2872 1567 2919 l

294 2975 470 3054 magistrum
486 2975 656 3040 Emericum
673 2976 805 3040 ecclesie
820 2982 924 3040 nostre
942 2976 1089 3040 lectorem
1102 2976 1140 3039 ad
1153 2976 1302 3059 premissa
1315 2974 1491 3058 exequenda

295 3081 428 3145 duximus
445 3083 667 3154 destinandum,
684 3086 734 3167 qui
751 3084 872 3168 quidem
894 3083 1012 3147 demum
1028 3085 1065 3146 ad
1083 3103 1139 3148 nos
1158 3083 1282 3146 rediens
1305 3082 1399 3145 nohis
1421 3102 1492 3166 pro·

293 3189 360 3272 pria
376 3189 442 3253 viva
460 3211 535 3255 voce
552 3210 606 3275 pro
624 3190 691 3257 loco
709 3198 740 3256 31
756 3191 806 3254 die
821 3193 853 3254 in
868 3192 1034 3275 prenotatis
1047 3191 1145 3254 literis
1162 3190 1299 3254 eiusdem
1312 3189 1491 3252 viceiudieis

295 3296 381 3359 curie
397 3297 509 3360 domini
528 3301 614 3380 regis
632 3301 785 3382 expressis
803 3299 936 3381 utrisque
958 3298 1095 3383 partibus
1119 3297 1373 3362 conuenientibus
1391 3296 1492 3372 dictus
1566 3304 1567 3343 l

295 3404 477 3468 uenerabilis
486 3410 572 3488 pater
581 3405 717 3468 dominns
727 3407 890 3488 episcopus
899 3405 1117 3468 Transiluanus
1127 3424 1195 3467 cum
1207 3405 1348 3487 personis
1358 3405 1392 3466 in
1400 3403 1492 3468 IIteris

295 3529 370 3592 sepe
387 3510 459 3574 dicti
472 3513 540 3575 vice
556 3512 667 3576 iudicis
684 3514 767 3576 curie
783 3512 867 3594 regis
884 3511 1041 3575 nominatis
1063 3515 1168 3595 presto
1193 3516 1260 3574 erat
1278 3531 1367 3574 sunm
1391 3512 1490 3576 facere

293 3619 490 3682 iuramentum
512 3621 539 3682 si
562 3623 746 3701 postremum
769 3626 894 3701 propter
921 3617 1030 3683 bonum
1054 3624 1204 3702 perpetue
1228 3619 1314 3700 pacis
1342 3622 1376 3681 et
1392 3623 1490 3681 mutue

294 3724 470 3788 dileccionis
499 3725 635 3788 affectum
659 3725 729 3808 quin
751 3727 857 3809 pocius
882 3744 1001 3809 quoque
1024 3746 1126 3790 rerum
1156 3727 1237 3789 foret
1258 3731 1389 3808 propter
1413 3727 1491 3788 iura·
1566 3718 1567 3743 i

292 3838 423 3895 mentum
455 3832 628 3896 enitendum
655 3830 854 3896 mediantibus
883 3832 1018 3914 pluribus
1047 3831 1152 3914 probis
1182 3840 1213 3895 et
1236 3833 1395 3897 nobiIibus
1418 3833 1488 3895 viris

291 3940 372 4003 idem
394 3938 531 4002 dominus
554 3939 718 4021 episcopus
746 3960 783 4002 ex
804 3959 860 4003 333
884 3945 988 4020 parte,
1022 3941 1168 4020 magister
1193 3940 1331 4022 Ugrinus
1361 3938 1488 4004 Michael

292 4045 476 4111 3333311111
492 4046 610 4109 comitis
623 4044 739 4107 Baarch
752 4045 873 4128 propria
890 4046 921 4107 in
933 4064 1063 4128 persona
1079 4045 1156 4108 inibi
1169 4047 1328 4111 constituti
1342 4068 1381 4110 ex
1396 4048 1487 4111 hene·

291 4152 404 4238 placito
422 4171 477 4215 suo
492 4155 608 4215 remoto
625 4152 727 4214 lomite
744 4153 842 4216 tocius
859 4152 920 4215 odii
938 4188 978 4198 —
992 4189 1036 4199 —
1053 4172 1107 4215 seu
1123 4154 1290 4217 inimicicie
1305 4153 1391 4217 inter
1408 4156 1486 4237 ipsos
1566 4214 1567 4235 q

292 4295 338 4310 -
353 4259 599 4344 qualitercunque
615 4257 737 4320 racione
749 4259 845 4341 ipsius
864 4262 948 4321 terre
969 4259 1106 4321 suscitati
1119 4257 1223 4323 1311133
1239 4260 1271 4321 13
1286 4260 1403 4324 bonum
1419 4281 1489 4346 per·
1566 4240 1567 4307 1

291 4373 383 4453 petue
400 4365 561 4431 concordie
577 4364 781 4436 deuenernnt,
805 4365 885 4448 quod
907 4364 1082 4448 sepedictus
1111 4365 1189 4430 dom.
1212 4367 1380 4449 episcopus
1413 4369 1489 4432 sicut

292 4476 418 4539 dinimus
434 4479 561 4556 propter
576 4470 733 4532 iuramenti
749 4470 796 4532 sui
808 4470 1014 4534 remissionem
1028 4471 1066 4534 de
1079 4473 1218 4554 predicta
1230 4479 1314 4536 terra
1328 4475 1488 4539 duodecIm
1566 4534 1567 4557 q
