3150 5092
629 617 736 688 cxlv.

471 793 473 798 -
520 751 600 814 1276,
620 753 664 805 25.
683 751 839 806 November.

173 880 345 963 Capitulum
386 881 518 944 ecclesie
556 879 637 943 beati
674 879 831 942 Michaelis
867 879 1100 949 'l'ranssiluane‚
1142 879 1279 941 omnibus

79 988 199 1052 Christi
224 987 366 1051 fidelibus
394 992 566 1072 presentem
590 989 730 1070 paginam
754 989 936 1070 inspecturis
958 986 1085 1050 salutem
1102 988 1132 1048 in
1149 990 1278 1050 omnium

76 1095 245 1159 saluatore.
271 1096 310 1160 vt
326 1117 370 1167 ea,
389 1117 448 1179 que
464 1097 640 1158 ordinantur
656 1095 686 1157 in
710 1102 859 1177 tempore,
876 1101 975 1157 tractu
992 1096 1138 1176 temporis
1159 1096 1279 1158 minime

76 1205 198 1268 valeant
213 1205 373 1276 immutari,
392 1208 614 1267 consueuerunt
631 1240 673 1250 -
693 1203 861 1266 litterarum
878 1203 1046 1286 patrocinio
1064 1202 1212 1266 roborari.
1231 1205 1275 1268 nd

75 1315 291 1377 uniuersorum
306 1314 445 1376 noticiam
462 1313 652 1396 presencium
665 1318 755 1397 atque
773 1313 938 1374 futurorum
959 1311 1063 1374 harum
1086 1312 1167 1374 serie
1194 1313 1280 1374 volu-

78 1443 146 1486 mus
164 1425 339 1505 peruenire,
368 1422 446 1506 quod
465 1423 612 1506 quandam
639 1425 751 1484 terram
775 1425 907 1482 nostram
926 1423 1057 1505 ersseo
1079 1426 1227 1493 vocatam,
1250 1423 1280 1485 in

78 1533 226 1594 comitatu
245 1531 424 1615 Byhoriensi
440 1533 616 1594 existentem
635 1535 870 1593 commetaneam
887 1530 979 1590 terris
996 1529 1124 1591 tiliorum
1150 1527 1278 1612 itriola,

78 1647 111 1702 et
129 1645 215 1702 terre
233 1637 346 1721 cyano,
368 1639 425 1700 sub
454 1639 545 1714 certis
571 1639 657 1700 metis
683 1643 714 1699 et
736 1637 865 1719 antiquis
890 1635 1037 1710 dedimus,
1055 1642 1087 1698 et
1101 1636 1279 1699 tradidimus

79 1745 253 1811 venerabili
270 1747 346 1828 patri
369 1746 414 1818 1³„
440 1747 496 1810 Dei
514 1747 616 1826 gracia
635 1745 779 1827 episcopo
797 1744 1005 1814 Transiluano,
1030 1743 1147 1825 prelato
1165 1751 1279 1820 nostro,

77 1876 114 1918 ac
132 1855 324 1938 episcopatui
341 1854 409 1937 ipsi,
423 1855 452 1914 in
470 1854 675 1918 concambium
692 1863 840 1916 terrarum
858 1852 1180 1935 episcopalium‚rnius
1194 1852 1280 1916 vide·

78 1963 154 2026 licet
170 1963 202 2024 in
218 1963 360 2024 comitatu
377 1961 414 2022 de
433 1960 580 2040 Hnnod1),
599 1961 762 2045 Pyspuhi2)
776 1967 890 2030 vocate,
905 1959 987 2039 juxta
1002 1958 1126 2041 Strig⁸)
1155 1961 1224 2030 site,
1250 1968 1281 2023 et

79 2067 209 2132 alterius
227 2069 257 2129 in
276 2070 419 2131 comitatu
442 2068 576 2140 Albensi,
596 2069 681 2150 juxta
704 2068 858 2131 lllarisium
880 2069 950 2137 site,
968 2065 1137 2150 Ochmart)
1164 2087 1280 2131 nuncu-

79 2183 164 2260 pate,
177 2182 302 2260 proptor
314 2178 498 2239 uicinitatem
515 2177 638 2239 aliorum
655 2183 825 2239 nostrorum
843 2175 1025 2258 prediorum,
1033 2175 1134 2258 quiete
1151 2183 1181 2238 et
1193 2177 1278 2259 paci·

78 2287 140 2348 tice
158 2285 217 2369 ipsi
231 2283 397 2347 venerabili
414 2285 503 2365 patri,
531 2305 586 2347 seu
603 2285 803 2367 episcopatui,
822 2302 887 2345 cum
911 2283 1048 2346 omuibus
1072 2283 1280 2365 pertinenciis,

81 2396 209 2476 suisque
238 2391 416 2455 utilitatibus
445 2389 660 2474 perpetualiter
689 2389 914 2474 possidendam.
955 2391 1122 2471 Adjioimus
1144 2391 1279 2473 insuper,

11 2551 12 2554 η
79 2502 161 2585 qund
193 2503 364 2585 quicunque
392 2501 505 2564 dictum
533 2498 736 2562 venerabilem
762 2508 879 2583 patrem
906 2498 1029 2562 racione
1052 2499 1134 2562 dicte
1150 2504 1233 2561 terre
1249 2499 1280 2560 in

11 2659 12 2676 2
77 2629 205 2672 causam
223 2609 407 2672 traxerit-
426 2608 493 2693 (uel
515 2608 563 2691 in)
588 2609 650 2670 suis
678 2606 820 2669 limitibus
846 2606 1086 2690 perturbauerit‚
1109 2608 1139 2670 in
1168 2607 1278 2668 nostris

78 2716 239 2780 laboribus
261 2720 294 2779 et
314 2715 455 2797 expensis
479 2719 620 2777 tenemur
645 2716 742 2795 ipsum
759 2713 902 2786 liberare,
927 2735 981 2776 seu
998 2735 1054 2797 per
1070 2713 1167 2776 omnia
1185 2733 1279 2796 expe-

77 2823 157 2893 dire.
189 2826 220 2886 et
245 2823 275 2885 in
304 2821 556 2904 possessione—
583 2841 778 2885 conseruare.
803 2822 903 2906 thue
919 2821 1089 2903 hujusmodi
1112 2820 1279 2884 concambii

11 2977 12 2980 ,
78 2931 239 2996 ordinacio
264 2930 356 2992 robur
385 2929 520 2992 obtineat
548 2934 695 3013 perpetue
723 2929 889 3001 firmitatis,
925 2951 981 2993 nec
1008 2935 1105 2992 tractu
1133 2931 1278 3013 temporis

79 3039 180 3102 valeat
196 3037 244 3100 vel
257 3037 367 3100 debeat
383 3058 437 3120 per
453 3057 518 3108 nos,
543 3043 592 3098 aut
614 3038 782 3120 quempiam
800 3038 970 3109 retractari,
992 3042 1153 3119 presentes
1169 3044 1278 3100 contu-

78 3147 169 3209 limus
187 3147 315 3216 litteras,
340 3145 432 3226 sigilli
449 3147 543 3208 nostri
570 3145 732 3207 munimine
756 3144 921 3208 roboratas.
947 3146 1053 3208 Datum
1076 3147 1108 3208 in
1124 3145 1175 3208 die
1193 3145 1279 3210 beate

79 3256 247 3318 Katbarine
264 3255 401 3336 virginis,
419 3275 495 3316 anno
513 3253 625 3317 domiui
641 3253 803 3317 lllillesimo
820 3253 893 3316 (30⁰.
907 3255 1131 3336 septuagesimo
1148 3259 1244 3317 sexto.

636 3458 729 3527 dxv.

491 3593 571 3656 lam,
592 3593 634 3648 13.
655 3594 714 3648 Oct.
734 3591 764 3646 S.
783 3593 875 3646 lmrob.

176 3725 239 3791 Nos
267 3726 411 3808 magister
443 3725 581 3786 Matheus
607 3725 761 3808 waywoda
791 3723 1016 3787 Transsilvanie
1045 3727 1075 3784 et
1104 3740 1207 3783 comes
1239 3721 1277 3784 de

78 3835 197 3900 Zonuh.
230 3835 374 3899 Memoria
403 3833 645 3898 commendamus
672 3838 778 3896 tenore
805 3834 991 3916 presentium
1020 3831 1128 3914 quibus
1157 3831 1279 3914 expedit

80 3941 243 4008 universis.
270 3941 355 4023 Quod
373 3962 440 4003 cum
458 3961 511 4003 nos
527 3941 675 4022 peculiari
692 3941 827 4022 pietatis,
851 3945 881 4002 et
897 3938 1070 4002 reverentie
1094 3938 1159 3999 zelo
1185 3939 1279 4002 duca-

79 4073 149 4116 mur
166 4053 196 4113 iu
214 4055 347 4113 sanctam
365 4055 488 4112 matrem
507 4047 668 4112 ecclesiam
685 4046 765 4111 beati
781 4047 941 4110 Michaelis
964 4045 1137 4128 archangeli
1152 4046 1180 4107 in
1197 4047 1278 4110 Alba

11 4137 12 4142 ἵ
78 4157 304 4230 Traassilvane,
321 4177 379 4241 que
395 4157 485 4220 sedes
503 4160 551 4218 est
567 4156 768 4238 episcopalis,
786 4176 842 4236 per
860 4155 976 4226 divum,
992 4158 1191 4236 sanctumque
1207 4153 1277 4216 olim

11 4477 12 4480 =
114 4446 140 4504 ¹)
159 4445 264 4502 itunyad.
722 4440 746 4500 ³)
764 4441 844 4486 Strelt.

114 4527 140 4587 ι)
159 4527 229 4572 pisti,
721 4519 747 4580 4)
765 4522 857 4566 himer.
