<?xml version="1.0" encoding="UTF-8"?>
<!DOCTYPE html PUBLIC "-//W3C//DTD XHTML 1.0 Transitional//EN"
    "http://www.w3.org/TR/xhtml1/DTD/xhtml1-transitional.dtd">
<html xmlns="http://www.w3.org/1999/xhtml" xml:lang="en" lang="en">
 <head>
  <title>
</title>
<meta http-equiv="Content-Type" content="text/html;charset=utf-8" />
  <meta name='ocr-system' content='tesseract 3.04.00' />
  <meta name='ocr-capabilities' content='ocr_page ocr_carea ocr_par ocr_line ocrx_word'/>
</head>
<body>
  <div class='ocr_page' id='page_1' title='image "./fontesrerumaust26kommgoog_0180.png"; bbox 0 0 3150 5092; ppageno 0'>
   <div class='ocr_carea' id='block_1_1' title="bbox 625 304 726 375">
    <p class='ocr_par' dir='ltr' id='par_1_1' title="bbox 625 304 726 375">
     <span class='ocr_line' id='line_1_1' title="bbox 625 304 726 375; baseline 0.01 -1"><span class='ocrx_word' id='word_1_1' title='bbox 625 304 726 375; x_wconf 82' lang='lat'><strong>86</strong></span> 
     </span>
    </p>
   </div>
   <div class='ocr_carea' id='block_1_2' title="bbox 620 476 3124 567">
    <p class='ocr_par' dir='ltr' id='par_1_2' title="bbox 620 476 3124 567">
     <span class='ocr_line' id='line_1_2' title="bbox 620 476 3124 567; baseline -0.001 -24"><span class='ocrx_word' id='word_1_2' title='bbox 620 480 809 545; x_wconf 80' lang='lat' dir='ltr'><strong>nostri</strong></span> <span class='ocrx_word' id='word_1_3' title='bbox 850 501 1037 567; x_wconf 89' lang='lat' dir='ltr'><strong>super</strong></span> <span class='ocrx_word' id='word_1_4' title='bbox 1078 481 1361 545; x_wconf 87' lang='lat' dir='ltr'><strong>libertate</strong></span> <span class='ocrx_word' id='word_1_5' title='bbox 1413 480 1823 564; x_wconf 84' lang='lat' dir='ltr'><strong>predictorum</strong></span> <span class='ocrx_word' id='word_1_6' title='bbox 1878 480 2177 562; x_wconf 90' lang='lat' dir='ltr'><strong>hospitum</strong></span> <span class='ocrx_word' id='word_1_7' title='bbox 2232 481 2572 541; x_wconf 86' lang='lat' dir='ltr'><strong>nostrorum</strong></span> <span class='ocrx_word' id='word_1_8' title='bbox 2620 476 2916 549; x_wconf 83' lang='lat' dir='ltr'><strong>statutis,</strong></span> <span class='ocrx_word' id='word_1_9' title='bbox 2967 480 3034 540; x_wconf 89' lang='lat' dir='ltr'><strong>et</strong></span> <span class='ocrx_word' id='word_1_10' title='bbox 3122 559 3124 562; x_wconf 11' lang='grc' dir='ltr'><em>Α</em></span> 
     </span>
    </p>
   </div>
   <div class='ocr_carea' id='block_1_3' title="bbox 615 567 3124 672">
    <p class='ocr_par' dir='ltr' id='par_1_3' title="bbox 615 567 3124 672">
     <span class='ocr_line' id='line_1_3' title="bbox 615 567 3124 672; baseline 0 -17"><span class='ocrx_word' id='word_1_11' title='bbox 615 590 786 655; x_wconf 88' lang='lat' dir='ltr'><strong>ordin</strong></span> <span class='ocrx_word' id='word_1_12' title='bbox 813 637 828 653; x_wconf 90' lang='lat'><strong>.</strong></span> <span class='ocrx_word' id='word_1_13' title='bbox 857 639 872 654; x_wconf 91' lang='lat'><em>.</em></span> <span class='ocrx_word' id='word_1_14' title='bbox 901 639 916 655; x_wconf 90' lang='lat'><strong>.</strong></span> <span class='ocrx_word' id='word_1_15' title='bbox 947 593 1224 654; x_wconf 89' lang='lat' dir='ltr'><strong>continen</strong></span> <span class='ocrx_word' id='word_1_16' title='bbox 1258 637 1272 652; x_wconf 90' lang='lat'><strong>.</strong></span> <span class='ocrx_word' id='word_1_17' title='bbox 1300 638 1316 653; x_wconf 92' lang='lat'><strong>.</strong></span> <span class='ocrx_word' id='word_1_18' title='bbox 1346 639 1362 653; x_wconf 88' lang='lat'><strong>.</strong></span> <span class='ocrx_word' id='word_1_19' title='bbox 1394 589 1623 654; x_wconf 86' lang='lat' dir='ltr'><strong>indulto</strong></span> <span class='ocrx_word' id='word_1_20' title='bbox 1649 589 1845 655; x_wconf 89' lang='lat' dir='ltr'><strong>eidem</strong></span> <span class='ocrx_word' id='word_1_21' title='bbox 1871 588 2190 672; x_wconf 80' lang='lat' dir='ltr'><strong>privilegio</strong></span> <span class='ocrx_word' id='word_1_22' title='bbox 2217 587 2558 651; x_wconf 79' lang='lat' dir='ltr'><strong>charissimi</strong></span> <span class='ocrx_word' id='word_1_23' title='bbox 2581 587 2785 671; x_wconf 90' lang='lat' dir='ltr'><strong>patris</strong></span> <span class='ocrx_word' id='word_1_24' title='bbox 2818 585 3031 650; x_wconf 79' lang='lat' dir='ltr'><strong>nostri</strong></span> <span class='ocrx_word' id='word_1_25' title='bbox 3121 567 3124 655; x_wconf 78' lang='grc' dir='ltr'><strong>1ἶ</strong></span> 
     </span>
    </p>
   </div>
   <div class='ocr_carea' id='block_1_4' title="bbox 617 692 3124 782">
    <p class='ocr_par' dir='ltr' id='par_1_4' title="bbox 617 692 3124 782">
     <span class='ocr_line' id='line_1_4' title="bbox 617 692 3124 782; baseline -0.002 -22"><span class='ocrx_word' id='word_1_26' title='bbox 617 696 986 762; x_wconf 86' lang='lat' dir='ltr'><strong>ratificantes</strong></span> <span class='ocrx_word' id='word_1_27' title='bbox 1019 702 1082 762; x_wconf 89' lang='lat' dir='ltr'><strong>et</strong></span> <span class='ocrx_word' id='word_1_28' title='bbox 1115 698 1532 762; x_wconf 83' lang='lat' dir='ltr'><strong>confirmantes</strong></span> <span class='ocrx_word' id='word_1_29' title='bbox 1566 697 1745 765; x_wconf 88' lang='lat' dir='ltr'><strong>dictis</strong></span> <span class='ocrx_word' id='word_1_30' title='bbox 1778 697 2120 782; x_wconf 84' lang='lat' dir='ltr'><strong>hospitibus</strong></span> <span class='ocrx_word' id='word_1_31' title='bbox 2152 695 2380 760; x_wconf 87' lang='lat' dir='ltr'><strong>nostris</strong></span> <span class='ocrx_word' id='word_1_32' title='bbox 2412 696 2810 778; x_wconf 79' lang='lat' dir='ltr'><strong>privilegium</strong></span> <span class='ocrx_word' id='word_1_33' title='bbox 2863 693 3025 759; x_wconf 88' lang='lat' dir='ltr'><strong>cha·</strong></span> <span class='ocrx_word' id='word_1_34' title='bbox 3122 692 3124 720; x_wconf 60' lang='lat'>³</span> 
     </span>
    </p>
   </div>
   <div class='ocr_carea' id='block_1_5' title="bbox 615 804 3124 892">
    <p class='ocr_par' dir='ltr' id='par_1_5' title="bbox 615 784 3124 892">
     <span class='ocr_line' id='line_1_5' title="bbox 615 804 3124 892; baseline -0.001 -24"><span class='ocrx_word' id='word_1_35' title='bbox 615 805 836 869; x_wconf 87' lang='lat' dir='ltr'><strong>rissimi</strong></span> <span class='ocrx_word' id='word_1_36' title='bbox 865 807 1053 892; x_wconf 90' lang='lat' dir='ltr'><strong>patris</strong></span> <span class='ocrx_word' id='word_1_37' title='bbox 1088 808 1294 879; x_wconf 84' lang='lat' dir='ltr'><strong>nostri,</strong></span> <span class='ocrx_word' id='word_1_38' title='bbox 1340 806 1743 872; x_wconf 82' lang='lat' dir='ltr'>concedentes</span> <span class='ocrx_word' id='word_1_39' title='bbox 1776 806 2003 870; x_wconf 89' lang='lat' dir='ltr'><strong>eisdem</strong></span> <span class='ocrx_word' id='word_1_40' title='bbox 2030 804 2398 889; x_wconf 82' lang='lat' dir='ltr'><strong>specialiter,</strong></span> <span class='ocrx_word' id='word_1_41' title='bbox 2428 809 2492 866; x_wconf 91' lang='lat' dir='ltr'><strong>ut</strong></span> <span class='ocrx_word' id='word_1_42' title='bbox 2514 804 2695 867; x_wconf 90' lang='lat' dir='ltr'><strong>iidem</strong></span> <span class='ocrx_word' id='word_1_43' title='bbox 2724 804 3027 888; x_wconf 79' lang='lat' dir='ltr'><strong>hospites</strong></span> <span class='ocrx_word' id='word_1_44' title='bbox 3121 864 3124 890; x_wconf 30' lang='lat' dir='ltr'><em>J</em></span> 
     </span>
    </p>
   </div>
   <div class='ocr_carea' id='block_1_6' title="bbox 616 905 3124 999">
    <p class='ocr_par' dir='ltr' id='par_1_6' title="bbox 616 905 3124 999">
     <span class='ocr_line' id='line_1_6' title="bbox 616 905 3124 999; baseline -0.001 -21"><span class='ocrx_word' id='word_1_45' title='bbox 616 934 750 978; x_wconf 90' lang='lat' dir='ltr'><strong>cum</strong></span> <span class='ocrx_word' id='word_1_46' title='bbox 782 919 1033 999; x_wconf 86' lang='lat' dir='ltr'><strong>quatuor</strong></span> <span class='ocrx_word' id='word_1_47' title='bbox 1061 914 1344 979; x_wconf 86' lang='lat' dir='ltr'><strong>militibus</strong></span> <span class='ocrx_word' id='word_1_48' title='bbox 1376 915 1668 988; x_wconf 77' lang='lat' dir='ltr'><strong>loricatis,</strong></span> <span class='ocrx_word' id='word_1_49' title='bbox 1702 912 1859 978; x_wconf 89' lang='lat' dir='ltr'><strong>bene</strong></span> <span class='ocrx_word' id='word_1_50' title='bbox 1902 915 2238 998; x_wconf 78' lang='lat' dir='ltr'><strong>preparatis</strong></span> <span class='ocrx_word' id='word_1_51' title='bbox 2282 933 2354 977; x_wconf 87' lang='lat' dir='ltr'><strong>ac</strong></span> <span class='ocrx_word' id='word_1_52' title='bbox 2400 913 2694 977; x_wconf 89' lang='lat' dir='ltr'><strong>decenter</strong></span> <span class='ocrx_word' id='word_1_53' title='bbox 2750 914 3019 983; x_wconf 84' lang='lat' dir='ltr'><strong>ornatis,</strong></span> <span class='ocrx_word' id='word_1_54' title='bbox 3122 905 3124 975; x_wconf 68' lang='grc' dir='ltr'>Ϊ</span> 
     </span>
    </p>
   </div>
   <div class='ocr_carea' id='block_1_7' title="bbox 615 1021 3014 2194">
    <p class='ocr_par' dir='ltr' id='par_1_7' title="bbox 615 1021 3014 2194">
     <span class='ocr_line' id='line_1_7' title="bbox 615 1021 3014 1109; baseline -0.002 -21"><span class='ocrx_word' id='word_1_55' title='bbox 615 1044 746 1088; x_wconf 81' lang='lat' dir='ltr'><strong>cum</strong></span> <span class='ocrx_word' id='word_1_56' title='bbox 790 1025 1042 1088; x_wconf 89' lang='lat' dir='ltr'><strong>totidem</strong></span> <span class='ocrx_word' id='word_1_57' title='bbox 1094 1026 1266 1109; x_wconf 84' lang='lat' dir='ltr'><strong>equis</strong></span> <span class='ocrx_word' id='word_1_58' title='bbox 1320 1027 1466 1089; x_wconf 90' lang='lat' dir='ltr'><strong>satis</strong></span> <span class='ocrx_word' id='word_1_59' title='bbox 1522 1025 1791 1089; x_wconf 85' lang='lat' dir='ltr'><strong>honestis</strong></span> <span class='ocrx_word' id='word_1_60' title='bbox 1837 1030 1897 1087; x_wconf 91' lang='lat' dir='ltr'><strong>et</strong></span> <span class='ocrx_word' id='word_1_61' title='bbox 1938 1024 2268 1106; x_wconf 89' lang='lat' dir='ltr'><strong>coopertis,</strong></span> <span class='ocrx_word' id='word_1_62' title='bbox 2314 1043 2385 1086; x_wconf 85' lang='lat' dir='ltr'><strong>ac</strong></span> <span class='ocrx_word' id='word_1_63' title='bbox 2430 1021 2659 1086; x_wconf 89' lang='lat' dir='ltr'><strong>duobus</strong></span> <span class='ocrx_word' id='word_1_64' title='bbox 2690 1023 3014 1093; x_wconf 87' lang='lat' dir='ltr'><strong>tentoriis,</strong></span> 
     </span>
     <span class='ocr_line' id='line_1_8' title="bbox 617 1130 3014 1204; baseline 0 -12"><span class='ocrx_word' id='word_1_65' title='bbox 617 1132 727 1196; x_wconf 81' lang='lat' dir='ltr'><strong>sub</strong></span> <span class='ocrx_word' id='word_1_66' title='bbox 763 1138 966 1197; x_wconf 88' lang='lat' dir='ltr'><strong>nostro</strong></span> <span class='ocrx_word' id='word_1_67' title='bbox 1000 1132 1217 1197; x_wconf 85' lang='lat' dir='ltr'><strong>vexillo</strong></span> <span class='ocrx_word' id='word_1_68' title='bbox 1266 1134 1368 1196; x_wconf 92' lang='lat' dir='ltr'><strong>mil</strong></span> <span class='ocrx_word' id='word_1_69' title='bbox 1389 1181 1625 1196; x_wconf 91' lang='grc'><strong>......</strong></span> <span class='ocrx_word' id='word_1_70' title='bbox 1652 1153 1750 1196; x_wconf 91' lang='lat' dir='ltr'><strong>um</strong></span> <span class='ocrx_word' id='word_1_71' title='bbox 1796 1133 2016 1196; x_wconf 86' lang='lat' dir='ltr'><strong>nostris</strong></span> <span class='ocrx_word' id='word_1_72' title='bbox 2065 1130 2377 1204; x_wconf 85' lang='lat' dir='ltr'><strong>militibus,</strong></span> <span class='ocrx_word' id='word_1_73' title='bbox 2425 1152 2545 1194; x_wconf 89' lang='lat' dir='ltr'><strong>non</strong></span> <span class='ocrx_word' id='word_1_74' title='bbox 2585 1131 2644 1193; x_wconf 91' lang='lat' dir='ltr'><strong>in</strong></span> <span class='ocrx_word' id='word_1_75' title='bbox 2698 1131 3014 1194; x_wconf 86' lang='lat' dir='ltr'><strong>societate</strong></span> 
     </span>
     <span class='ocr_line' id='line_1_9' title="bbox 617 1239 3007 1324; baseline -0.001 -20"><span class='ocrx_word' id='word_1_76' title='bbox 617 1240 900 1306; x_wconf 79' lang='lat' dir='ltr'><strong>baronum</strong></span> <span class='ocrx_word' id='word_1_77' title='bbox 955 1246 1294 1304; x_wconf 85' lang='lat' dir='ltr'><strong>nostrorum</strong></span> <span class='ocrx_word' id='word_1_78' title='bbox 1339 1241 1716 1307; x_wconf 89' lang='lat' dir='ltr'><strong>descendere</strong></span> <span class='ocrx_word' id='word_1_79' title='bbox 1769 1245 2107 1312; x_wconf 85' lang='lat' dir='ltr'><strong>teneantur,</strong></span> <span class='ocrx_word' id='word_1_80' title='bbox 2162 1248 2338 1323; x_wconf 86' lang='lat' dir='ltr'><strong>prout</strong></span> <span class='ocrx_word' id='word_1_81' title='bbox 2378 1240 2441 1303; x_wconf 90' lang='lat' dir='ltr'><strong>in</strong></span> <span class='ocrx_word' id='word_1_82' title='bbox 2486 1239 2758 1324; x_wconf 85' lang='lat' dir='ltr'><strong>predicti</strong></span> <span class='ocrx_word' id='word_1_83' title='bbox 2811 1239 3007 1322; x_wconf 84' lang='lat' dir='ltr'><strong>patris</strong></span> 
     </span>
     <span class='ocr_line' id='line_1_10' title="bbox 621 1347 3005 1435; baseline 0 -23"><span class='ocrx_word' id='word_1_84' title='bbox 621 1349 806 1414; x_wconf 76' lang='lat' dir='ltr'><strong>nostri</strong></span> <span class='ocrx_word' id='word_1_85' title='bbox 844 1349 1167 1432; x_wconf 85' lang='lat' dir='ltr'><strong>privilegio</strong></span> <span class='ocrx_word' id='word_1_86' title='bbox 1211 1348 1397 1421; x_wconf 88' lang='lat' dir='ltr'><strong>clare,</strong></span> <span class='ocrx_word' id='word_1_87' title='bbox 1443 1354 1506 1414; x_wconf 92' lang='lat' dir='ltr'><strong>et</strong></span> <span class='ocrx_word' id='word_1_88' title='bbox 1549 1370 1842 1435; x_wconf 84' lang='lat' dir='ltr'><strong>expresse</strong></span> <span class='ocrx_word' id='word_1_89' title='bbox 1888 1349 2142 1412; x_wconf 81' lang='lat' dir='ltr'><strong>vidimus</strong></span> <span class='ocrx_word' id='word_1_90' title='bbox 2174 1348 2492 1412; x_wconf 88' lang='lat' dir='ltr'><strong>contineri.</strong></span> <span class='ocrx_word' id='word_1_91' title='bbox 2543 1347 2625 1412; x_wconf 93' lang='lat' dir='ltr'><strong>Ut</strong></span> <span class='ocrx_word' id='word_1_92' title='bbox 2656 1349 2855 1432; x_wconf 86' lang='lat' dir='ltr'><strong>igitur</strong></span> <span class='ocrx_word' id='word_1_93' title='bbox 2889 1348 3005 1412; x_wconf 90' lang='lat' dir='ltr'><strong>bec</strong></span> 
     </span>
     <span class='ocr_line' id='line_1_11' title="bbox 617 1455 3005 1543; baseline 0 -23"><span class='ocrx_word' id='word_1_94' title='bbox 617 1461 817 1521; x_wconf 82' lang='lat' dir='ltr'><strong>nostra</strong></span> <span class='ocrx_word' id='word_1_95' title='bbox 866 1459 1182 1522; x_wconf 91' lang='lat' dir='ltr'><strong>concessio</strong></span> <span class='ocrx_word' id='word_1_96' title='bbox 1237 1462 1302 1521; x_wconf 88' lang='lat' dir='ltr'><strong>et</strong></span> <span class='ocrx_word' id='word_1_97' title='bbox 1355 1455 1669 1531; x_wconf 87' lang='lat' dir='ltr'><strong>ordinatio,</strong></span> <span class='ocrx_word' id='word_1_98' title='bbox 1713 1478 1820 1522; x_wconf 90' lang='lat' dir='ltr'><strong>seu</strong></span> <span class='ocrx_word' id='word_1_99' title='bbox 1867 1456 2107 1521; x_wconf 89' lang='lat' dir='ltr'><strong>collatio</strong></span> <span class='ocrx_word' id='word_1_100' title='bbox 2157 1455 2342 1520; x_wconf 87' lang='lat' dir='ltr'><strong>robur</strong></span> <span class='ocrx_word' id='word_1_101' title='bbox 2389 1457 2656 1520; x_wconf 89' lang='lat' dir='ltr'><strong>obtineat</strong></span> <span class='ocrx_word' id='word_1_102' title='bbox 2697 1463 3005 1543; x_wconf 88' lang='lat' dir='ltr'><strong>perpetue</strong></span> 
     </span>
     <span class='ocr_line' id='line_1_12' title="bbox 617 1566 3000 1654; baseline -0 -22"><span class='ocrx_word' id='word_1_103' title='bbox 617 1568 932 1641; x_wconf 80' lang='lat' dir='ltr'><strong>firmitatis,</strong></span> <span class='ocrx_word' id='word_1_104' title='bbox 986 1589 1101 1633; x_wconf 90' lang='lat' dir='ltr'><strong>nec</strong></span> <span class='ocrx_word' id='word_1_105' title='bbox 1156 1587 1268 1653; x_wconf 87' lang='lat' dir='ltr'><strong>per</strong></span> <span class='ocrx_word' id='word_1_106' title='bbox 1315 1569 1653 1654; x_wconf 83' lang='lat' dir='ltr'><strong>quempiam</strong></span> <span class='ocrx_word' id='word_1_107' title='bbox 1707 1570 1765 1632; x_wconf 91' lang='lat' dir='ltr'><strong>in</strong></span> <span class='ocrx_word' id='word_1_108' title='bbox 1811 1566 2006 1652; x_wconf 91' lang='lat' dir='ltr'><strong>aliquo</strong></span> <span class='ocrx_word' id='word_1_109' title='bbox 2051 1588 2228 1632; x_wconf 83' lang='lat' dir='ltr'><strong>cursu</strong></span> <span class='ocrx_word' id='word_1_110' title='bbox 2270 1571 2603 1650; x_wconf 87' lang='lat' dir='ltr'><strong>temporum</strong></span> <span class='ocrx_word' id='word_1_111' title='bbox 2655 1569 2864 1651; x_wconf 86' lang='lat' dir='ltr'><strong>possit</strong></span> <span class='ocrx_word' id='word_1_112' title='bbox 2907 1569 3000 1631; x_wconf 84' lang='lat' dir='ltr'><strong>vel</strong></span> 
     </span>
     <span class='ocr_line' id='line_1_13' title="bbox 621 1675 2996 1761; baseline -0 -21"><span class='ocrx_word' id='word_1_113' title='bbox 621 1676 842 1740; x_wconf 78' lang='lat' dir='ltr'><strong>debeat</strong></span> <span class='ocrx_word' id='word_1_114' title='bbox 874 1679 934 1740; x_wconf 91' lang='lat' dir='ltr'><strong>in</strong></span> <span class='ocrx_word' id='word_1_115' title='bbox 964 1678 1195 1742; x_wconf 85' lang='lat' dir='ltr'><strong>irritum</strong></span> <span class='ocrx_word' id='word_1_116' title='bbox 1226 1678 1665 1750; x_wconf 87' lang='lat' dir='ltr'><strong>revocari,·seu</strong></span> <span class='ocrx_word' id='word_1_117' title='bbox 1696 1677 2069 1761; x_wconf 88' lang='lat' dir='ltr'><strong>aliquatenus</strong></span> <span class='ocrx_word' id='word_1_118' title='bbox 2095 1679 2428 1752; x_wconf 87' lang='lat' dir='ltr'><strong>retractari,</strong></span> <span class='ocrx_word' id='word_1_119' title='bbox 2462 1675 2761 1760; x_wconf 84' lang='lat' dir='ltr'><strong>predictis</strong></span> <span class='ocrx_word' id='word_1_120' title='bbox 2787 1677 2996 1760; x_wconf 91' lang='lat' dir='ltr'><strong>bospi-</strong></span> 
     </span>
     <span class='ocr_line' id='line_1_14' title="bbox 621 1785 2993 1871; baseline 0.001 -23"><span class='ocrx_word' id='word_1_121' title='bbox 621 1788 776 1849; x_wconf 79' lang='lat' dir='ltr'><strong>tibus</strong></span> <span class='ocrx_word' id='word_1_122' title='bbox 810 1786 1031 1850; x_wconf 90' lang='lat' dir='ltr'><strong>nostris</strong></span> <span class='ocrx_word' id='word_1_123' title='bbox 1081 1788 1158 1850; x_wconf 89' lang='lat' dir='ltr'><strong>de</strong></span> <span class='ocrx_word' id='word_1_124' title='bbox 1212 1786 1468 1858; x_wconf 84' lang='lat' dir='ltr'><strong>Karako,</strong></span> <span class='ocrx_word' id='word_1_125' title='bbox 1516 1791 1578 1850; x_wconf 89' lang='lat' dir='ltr'><strong>et</strong></span> <span class='ocrx_word' id='word_1_126' title='bbox 1621 1787 1697 1850; x_wconf 90' lang='lat' dir='ltr'><strong>de</strong></span> <span class='ocrx_word' id='word_1_127' title='bbox 1739 1785 1925 1868; x_wconf 92' lang='lat' dir='ltr'><strong>Iguen</strong></span> <span class='ocrx_word' id='word_1_128' title='bbox 1968 1790 2285 1871; x_wconf 87' lang='lat' dir='ltr'><strong>presentes</strong></span> <span class='ocrx_word' id='word_1_129' title='bbox 2320 1785 2726 1850; x_wconf 86' lang='lat' dir='ltr'><strong>concessimus</strong></span> <span class='ocrx_word' id='word_1_130' title='bbox 2761 1785 2993 1858; x_wconf 87' lang='lat' dir='ltr'><strong>literas,</strong></span> 
     </span>
     <span class='ocr_line' id='line_1_15' title="bbox 617 1893 2991 1978; baseline 0.001 -22"><span class='ocrx_word' id='word_1_131' title='bbox 617 1894 874 1978; x_wconf 82' lang='lat' dir='ltr'><strong>duplicis</strong></span> <span class='ocrx_word' id='word_1_132' title='bbox 908 1895 1091 1978; x_wconf 85' lang='lat' dir='ltr'><strong>sigilli</strong></span> <span class='ocrx_word' id='word_1_133' title='bbox 1116 1897 1302 1961; x_wconf 84' lang='lat' dir='ltr'><strong>nostri</strong></span> <span class='ocrx_word' id='word_1_134' title='bbox 1335 1896 1657 1959; x_wconf 89' lang='lat' dir='ltr'><strong>munimine</strong></span> <span class='ocrx_word' id='word_1_135' title='bbox 1688 1894 2024 1959; x_wconf 82' lang='lat' dir='ltr'><strong>roboratas.</strong></span> <span class='ocrx_word' id='word_1_136' title='bbox 2072 1893 2286 1958; x_wconf 89' lang='lat' dir='ltr'><strong>Datum</strong></span> <span class='ocrx_word' id='word_1_137' title='bbox 2318 1915 2429 1978; x_wconf 89' lang='lat' dir='ltr'><strong>per</strong></span> <span class='ocrx_word' id='word_1_138' title='bbox 2461 1914 2668 1958; x_wconf 90' lang='lat' dir='ltr'><strong>manus</strong></span> <span class='ocrx_word' id='word_1_139' title='bbox 2711 1914 2859 1976; x_wconf 86' lang='lat' dir='ltr'><strong>mag</strong></span> <span class='ocrx_word' id='word_1_140' title='bbox 2884 1945 2899 1958; x_wconf 91' lang='lat'><strong>.</strong></span> <span class='ocrx_word' id='word_1_141' title='bbox 2931 1941 2947 1956; x_wconf 89' lang='lat'><strong>.</strong></span> <span class='ocrx_word' id='word_1_142' title='bbox 2976 1943 2991 1958; x_wconf 90' lang='lat'>.</span> 
     </span>
     <span class='ocr_line' id='line_1_16' title="bbox 621 2001 2993 2082; baseline 0.002 -18"><span class='ocrx_word' id='word_1_143' title='bbox 621 2004 839 2066; x_wconf 76' lang='lat' dir='ltr'><strong>domini</strong></span> <span class='ocrx_word' id='word_1_144' title='bbox 883 2003 1090 2068; x_wconf 89' lang='lat' dir='ltr'><strong>dilecti</strong></span> <span class='ocrx_word' id='word_1_145' title='bbox 1146 2009 1206 2068; x_wconf 93' lang='lat' dir='ltr'><strong>et</strong></span> <span class='ocrx_word' id='word_1_146' title='bbox 1259 2003 1455 2069; x_wconf 87' lang='lat' dir='ltr'><strong>fidelis</strong></span> <span class='ocrx_word' id='word_1_147' title='bbox 1503 2005 1732 2082; x_wconf 88' lang='lat' dir='ltr'><strong>nostri,</strong></span> <span class='ocrx_word' id='word_1_148' title='bbox 1778 2001 1911 2068; x_wconf 89' lang='lat' dir='ltr'><strong>aule</strong></span> <span class='ocrx_word' id='word_1_149' title='bbox 1960 2008 2167 2068; x_wconf 89' lang='lat' dir='ltr'><strong>nostre</strong></span> <span class='ocrx_word' id='word_1_150' title='bbox 2209 2005 2342 2068; x_wconf 87' lang='lat' dir='ltr'><strong>vice</strong></span> <span class='ocrx_word' id='word_1_151' title='bbox 2386 2002 2757 2067; x_wconf 86' lang='lat' dir='ltr'><strong>cancellarii.</strong></span> <span class='ocrx_word' id='word_1_152' title='bbox 2827 2005 2993 2068; x_wconf 85' lang='lat' dir='ltr'><strong>Anno</strong></span> 
     </span>
     <span class='ocr_line' id='line_1_17' title="bbox 617 2112 2263 2194; baseline -0.002 -18"><span class='ocrx_word' id='word_1_153' title='bbox 617 2112 838 2176; x_wconf 77' lang='lat' dir='ltr'><strong>domini</strong></span> <span class='ocrx_word' id='word_1_154' title='bbox 871 2112 1186 2177; x_wconf 88' lang='lat' dir='ltr'><strong>millesimo</strong></span> <span class='ocrx_word' id='word_1_155' title='bbox 1220 2113 1630 2178; x_wconf 88' lang='lat' dir='ltr'><strong>ducentesimo</strong></span> <span class='ocrx_word' id='word_1_156' title='bbox 1664 2113 2042 2194; x_wconf 84' lang='lat' dir='ltr'><strong>sexagesimo</strong></span> <span class='ocrx_word' id='word_1_157' title='bbox 2076 2117 2263 2177; x_wconf 85' lang='lat' dir='ltr'><strong>sexto.</strong></span> 
     </span>
    </p>
   </div>
   <div class='ocr_carea' id='block_1_8' title="bbox 1445 2327 2161 2555">
    <p class='ocr_par' dir='ltr' id='par_1_8' title="bbox 1445 2327 2161 2555">
     <span class='ocr_line' id='line_1_18' title="bbox 1618 2327 1975 2397; baseline -0.003 0"><span class='ocrx_word' id='word_1_158' title='bbox 1618 2327 1975 2397; x_wconf 85' lang='lat' dir='ltr'><strong>LXXXVII.</strong></span> 
     </span>
     <span class='ocr_line' id='line_1_19' title="bbox 1445 2481 2161 2555; baseline -0.001 -18"><span class='ocrx_word' id='word_1_159' title='bbox 1445 2481 1602 2547; x_wconf 73' lang='lat'><strong>1267,</strong></span> <span class='ocrx_word' id='word_1_160' title='bbox 1641 2483 2161 2555; x_wconf 72' lang='lat' dir='ltr'><strong>Schwarzburg.</strong></span> 
     </span>
    </p>
   </div>
   <div class='ocr_carea' id='block_1_9' title="bbox 613 2611 2981 4120">
    <p class='ocr_par' dir='ltr' id='par_1_9' title="bbox 613 2611 2981 4120">
     <span class='ocr_line' id='line_1_20' title="bbox 795 2611 2980 2696; baseline -0.001 -17"><span class='ocrx_word' id='word_1_161' title='bbox 795 2613 1143 2696; x_wconf 90' lang='lat' dir='ltr'><strong>Stephanus</strong></span> <span class='ocrx_word' id='word_1_162' title='bbox 1188 2613 1299 2676; x_wconf 90' lang='lat' dir='ltr'><strong>Dei</strong></span> <span class='ocrx_word' id='word_1_163' title='bbox 1344 2613 1560 2694; x_wconf 86' lang='lat' dir='ltr'><strong>gratia,</strong></span> <span class='ocrx_word' id='word_1_164' title='bbox 1613 2611 1817 2694; x_wconf 88' lang='lat' dir='ltr'><strong>junior</strong></span> <span class='ocrx_word' id='word_1_165' title='bbox 1860 2633 1970 2675; x_wconf 85' lang='lat' dir='ltr'><strong>rex</strong></span> <span class='ocrx_word' id='word_1_166' title='bbox 2001 2612 2325 2696; x_wconf 87' lang='lat' dir='ltr'><strong>Hungarie,</strong></span> <span class='ocrx_word' id='word_1_167' title='bbox 2373 2613 2490 2677; x_wconf 85' lang='lat' dir='ltr'><strong>dux</strong></span> <span class='ocrx_word' id='word_1_168' title='bbox 2532 2615 2980 2686; x_wconf 80' lang='lat' dir='ltr'><strong>Transilvanus,</strong></span> 
     </span>
     <span class='ocr_line' id='line_1_21' title="bbox 617 2720 2976 2806; baseline 0 -18"><span class='ocrx_word' id='word_1_169' title='bbox 617 2721 888 2788; x_wconf 80' lang='lat' dir='ltr'><strong>dominus</strong></span> <span class='ocrx_word' id='word_1_170' title='bbox 921 2721 1316 2786; x_wconf 89' lang='lat' dir='ltr'><strong>Cumanorum</strong></span> <span class='ocrx_word' id='word_1_171' title='bbox 1337 2768 1353 2793; x_wconf 91' lang='lat'><strong>,</strong></span> <span class='ocrx_word' id='word_1_172' title='bbox 1407 2725 1718 2788; x_wconf 75' lang='lat' dir='ltr'><strong>Lcustaco</strong></span> <span class='ocrx_word' id='word_1_173' title='bbox 1752 2722 2079 2787; x_wconf 88' lang='lat' dir='ltr'><strong>castellano</strong></span> <span class='ocrx_word' id='word_1_174' title='bbox 2114 2724 2297 2788; x_wconf 89' lang='lat' dir='ltr'><strong>castri</strong></span> <span class='ocrx_word' id='word_1_175' title='bbox 2330 2724 2521 2787; x_wconf 81' lang='lat' dir='ltr'><strong>nostri</strong></span> <span class='ocrx_word' id='word_1_176' title='bbox 2566 2724 2642 2787; x_wconf 90' lang='lat' dir='ltr'><strong>de</strong></span> <span class='ocrx_word' id='word_1_177' title='bbox 2675 2720 2976 2806; x_wconf 77' lang='lat' dir='ltr'><strong>Hunod1)</strong></span> 
     </span>
     <span class='ocr_line' id='line_1_22' title="bbox 617 2831 2978 2915; baseline -0.001 -19"><span class='ocrx_word' id='word_1_178' title='bbox 617 2833 779 2900; x_wconf 81' lang='lat' dir='ltr'><strong>fideli</strong></span> <span class='ocrx_word' id='word_1_179' title='bbox 821 2832 1059 2898; x_wconf 89' lang='lat' dir='ltr'><strong>dilecto.</strong></span> <span class='ocrx_word' id='word_1_180' title='bbox 1124 2832 1294 2915; x_wconf 81' lang='lat' dir='ltr'><strong>Quod</strong></span> <span class='ocrx_word' id='word_1_181' title='bbox 1351 2853 1484 2897; x_wconf 91' lang='lat' dir='ltr'><strong>cum</strong></span> <span class='ocrx_word' id='word_1_182' title='bbox 1527 2833 1590 2896; x_wconf 87' lang='lat' dir='ltr'><strong>in</strong></span> <span class='ocrx_word' id='word_1_183' title='bbox 1634 2836 1796 2895; x_wconf 89' lang='lat' dir='ltr'><strong>tanta</strong></span> <span class='ocrx_word' id='word_1_184' title='bbox 1839 2850 2042 2895; x_wconf 89' lang='lat' dir='ltr'><strong>rerum</strong></span> <span class='ocrx_word' id='word_1_185' title='bbox 2092 2834 2155 2895; x_wconf 90' lang='lat' dir='ltr'><strong>et</strong></span> <span class='ocrx_word' id='word_1_186' title='bbox 2186 2833 2642 2915; x_wconf 89' lang='lat' dir='ltr'><strong>oppressionum</strong></span> <span class='ocrx_word' id='word_1_187' title='bbox 2689 2831 2978 2913; x_wconf 88' lang='lat' dir='ltr'><strong>angustia,</strong></span> 
     </span>
     <span class='ocr_line' id='line_1_23' title="bbox 617 2938 2979 3027; baseline -0.001 -20"><span class='ocrx_word' id='word_1_188' title='bbox 617 2963 788 3024; x_wconf 78' lang='lat' dir='ltr'><strong>quam</strong></span> <span class='ocrx_word' id='word_1_189' title='bbox 846 2962 958 3027; x_wconf 88' lang='lat' dir='ltr'><strong>per</strong></span> <span class='ocrx_word' id='word_1_190' title='bbox 1018 2946 1301 3024; x_wconf 88' lang='lat' dir='ltr'><strong>parentes</strong></span> <span class='ocrx_word' id='word_1_191' title='bbox 1357 2948 1597 3005; x_wconf 86' lang='lat' dir='ltr'><strong>nostros</strong></span> <span class='ocrx_word' id='word_1_192' title='bbox 1652 2945 1817 3005; x_wconf 84' lang='lat' dir='ltr'><strong>extra</strong></span> <span class='ocrx_word' id='word_1_193' title='bbox 1851 2959 2021 3004; x_wconf 91' lang='lat' dir='ltr'><strong>omne</strong></span> <span class='ocrx_word' id='word_1_194' title='bbox 2066 2943 2365 3012; x_wconf 89' lang='lat' dir='ltr'><strong>meritum,</strong></span> <span class='ocrx_word' id='word_1_195' title='bbox 2400 2938 2738 3023; x_wconf 77' lang='lat' dir='ltr'><strong>cum&#39;gravi</strong></span> <span class='ocrx_word' id='word_1_196' title='bbox 2767 2962 2979 3026; x_wconf 88' lang='lat' dir='ltr'><strong>perse-</strong></span> 
     </span>
     <span class='ocr_line' id='line_1_24' title="bbox 617 3049 2979 3136; baseline 0 -24"><span class='ocrx_word' id='word_1_197' title='bbox 617 3053 957 3136; x_wconf 77' lang='lat' dir='ltr'><strong>quutionum</strong></span> <span class='ocrx_word' id='word_1_198' title='bbox 989 3049 1230 3133; x_wconf 86' lang='lat' dir='ltr'><strong>flagello</strong></span> <span class='ocrx_word' id='word_1_199' title='bbox 1263 3050 1466 3114; x_wconf 89' lang='lat' dir='ltr'><strong>subire</strong></span> <span class='ocrx_word' id='word_1_200' title='bbox 1499 3070 1659 3114; x_wconf 90' lang='lat' dir='ltr'><strong>nunc</strong></span> <span class='ocrx_word' id='word_1_201' title='bbox 1694 3049 1986 3131; x_wconf 86' lang='lat' dir='ltr'><strong>cogimur,</strong></span> <span class='ocrx_word' id='word_1_202' title='bbox 2019 3069 2131 3112; x_wconf 90' lang='lat' dir='ltr'><strong>nos</strong></span> <span class='ocrx_word' id='word_1_203' title='bbox 2156 3070 2271 3114; x_wconf 90' lang='lat' dir='ltr'><strong>una</strong></span> <span class='ocrx_word' id='word_1_204' title='bbox 2294 3068 2429 3112; x_wconf 90' lang='lat' dir='ltr'><strong>cum</strong></span> <span class='ocrx_word' id='word_1_205' title='bbox 2459 3049 2740 3114; x_wconf 82' lang='lat' dir='ltr'><strong>fidelibus</strong></span> <span class='ocrx_word' id='word_1_206' title='bbox 2767 3052 2979 3114; x_wconf 87' lang='lat' dir='ltr'><strong>nostris</strong></span> 
     </span>
     <span class='ocr_line' id='line_1_25' title="bbox 613 3157 2981 3246; baseline -0.001 -22"><span class='ocrx_word' id='word_1_207' title='bbox 613 3165 875 3224; x_wconf 74' lang='lat' dir='ltr'><strong>castrum</strong></span> <span class='ocrx_word' id='word_1_208' title='bbox 925 3159 1042 3222; x_wconf 91' lang='lat' dir='ltr'><strong>hoc</strong></span> <span class='ocrx_word' id='word_1_209' title='bbox 1098 3157 1531 3224; x_wconf 86' lang='lat' dir='ltr'><strong>Feketeuholm</strong></span> <span class='ocrx_word' id='word_1_210' title='bbox 1549 3158 1610 3246; x_wconf 73' lang='lat'><strong>²)</strong></span> <span class='ocrx_word' id='word_1_211' title='bbox 1672 3160 1929 3230; x_wconf 83' lang='lat' dir='ltr'><strong>intrare,</strong></span> <span class='ocrx_word' id='word_1_212' title='bbox 2001 3162 2063 3221; x_wconf 89' lang='lat' dir='ltr'><strong>et</strong></span> <span class='ocrx_word' id='word_1_213' title='bbox 2123 3178 2232 3222; x_wconf 92' lang='lat' dir='ltr'><strong>nos</strong></span> <span class='ocrx_word' id='word_1_214' title='bbox 2300 3178 2481 3245; x_wconf 86' lang='lat' dir='ltr'><strong>parva</strong></span> <span class='ocrx_word' id='word_1_215' title='bbox 2542 3178 2717 3222; x_wconf 88' lang='lat' dir='ltr'><strong>manu</strong></span> <span class='ocrx_word' id='word_1_216' title='bbox 2782 3164 2981 3222; x_wconf 85' lang='lat' dir='ltr'><strong>eontra</strong></span> 
     </span>
     <span class='ocr_line' id='line_1_26' title="bbox 617 3267 2979 3334; baseline -0.002 -2"><span class='ocrx_word' id='word_1_217' title='bbox 617 3269 921 3333; x_wconf 77' lang='lat' dir='ltr'><strong>Laurentii</strong></span> <span class='ocrx_word' id='word_1_218' title='bbox 945 3267 1050 3331; x_wconf 87' lang='lat' dir='ltr'><strong>filii</strong></span> <span class='ocrx_word' id='word_1_219' title='bbox 1083 3269 1333 3332; x_wconf 89' lang='lat' dir='ltr'><strong>Kemeni</strong></span> <span class='ocrx_word' id='word_1_220' title='bbox 1364 3269 1441 3334; x_wconf 87' lang='lat' dir='ltr'><strong>de</strong></span> <span class='ocrx_word' id='word_1_221' title='bbox 1471 3268 1673 3333; x_wconf 86' lang='lat' dir='ltr'><strong>Gereu</strong></span> <span class='ocrx_word' id='word_1_222' title='bbox 1706 3272 1770 3332; x_wconf 90' lang='lat' dir='ltr'><strong>et</strong></span> <span class='ocrx_word' id='word_1_223' title='bbox 1816 3268 2065 3333; x_wconf 84' lang='lat' dir='ltr'><strong>aliorum</strong></span> <span class='ocrx_word' id='word_1_224' title='bbox 2112 3268 2447 3333; x_wconf 85' lang='lat' dir='ltr'><strong>infidelium</strong></span> <span class='ocrx_word' id='word_1_225' title='bbox 2507 3271 2569 3330; x_wconf 91' lang='lat' dir='ltr'><strong>et</strong></span> <span class='ocrx_word' id='word_1_226' title='bbox 2610 3267 2979 3332; x_wconf 88' lang='lat' dir='ltr'><strong>inimicorum</strong></span> 
     </span>
     <span class='ocr_line' id='line_1_27' title="bbox 617 3375 2981 3462; baseline 0 -22"><span class='ocrx_word' id='word_1_227' title='bbox 617 3381 948 3442; x_wconf 80' lang='lat' dir='ltr'><strong>nostrorum</strong></span> <span class='ocrx_word' id='word_1_228' title='bbox 1009 3378 1515 3462; x_wconf 85' lang='lat' dir='ltr'><strong>oppugnationem</strong></span> <span class='ocrx_word' id='word_1_229' title='bbox 1567 3383 1628 3442; x_wconf 93' lang='lat' dir='ltr'><strong>et</strong></span> <span class='ocrx_word' id='word_1_230' title='bbox 1669 3378 1800 3441; x_wconf 88' lang='lat' dir='ltr'><strong>fere</strong></span> <span class='ocrx_word' id='word_1_231' title='bbox 1855 3377 2312 3460; x_wconf 85' lang='lat' dir='ltr'><strong>oppressionem</strong></span> <span class='ocrx_word' id='word_1_232' title='bbox 2355 3375 2610 3441; x_wconf 80' lang='lat' dir='ltr'><strong>viriliter</strong></span> <span class='ocrx_word' id='word_1_233' title='bbox 2665 3378 2981 3444; x_wconf 87' lang='lat' dir='ltr'><strong>defensare</strong></span> 
     </span>
     <span class='ocr_line' id='line_1_28' title="bbox 613 3484 2978 3572; baseline 0.001 -24"><span class='ocrx_word' id='word_1_234' title='bbox 613 3484 974 3560; x_wconf 74' lang='lat' dir='ltr'><strong>debeamus,</strong></span> <span class='ocrx_word' id='word_1_235' title='bbox 1027 3493 1089 3550; x_wconf 89' lang='lat' dir='ltr'><strong>et</strong></span> <span class='ocrx_word' id='word_1_236' title='bbox 1139 3508 1254 3572; x_wconf 89' lang='lat' dir='ltr'><strong>qua</strong></span> <span class='ocrx_word' id='word_1_237' title='bbox 1310 3493 1507 3552; x_wconf 88' lang='lat' dir='ltr'><strong>tamen</strong></span> <span class='ocrx_word' id='word_1_238' title='bbox 1551 3487 1910 3551; x_wconf 85' lang='lat' dir='ltr'><strong>adveniente</strong></span> <span class='ocrx_word' id='word_1_239' title='bbox 1950 3487 2151 3551; x_wconf 80' lang='lat' dir='ltr'><strong>divino</strong></span> <span class='ocrx_word' id='word_1_240' title='bbox 2223 3493 2286 3550; x_wconf 89' lang='lat' dir='ltr'><strong>et</strong></span> <span class='ocrx_word' id='word_1_241' title='bbox 2331 3486 2593 3551; x_wconf 83' lang='lat' dir='ltr'><strong>fidelium</strong></span> <span class='ocrx_word' id='word_1_242' title='bbox 2644 3492 2978 3553; x_wconf 85' lang='lat' dir='ltr'><strong>nostrorum</strong></span> 
     </span>
     <span class='ocr_line' id='line_1_29' title="bbox 617 3595 2981 3679; baseline 0 -19"><span class='ocrx_word' id='word_1_243' title='bbox 617 3597 827 3660; x_wconf 76' lang='lat' dir='ltr'><strong>auxilio</strong></span> <span class='ocrx_word' id='word_1_244' title='bbox 861 3615 969 3660; x_wconf 90' lang='lat' dir='ltr'><strong>nos</strong></span> <span class='ocrx_word' id='word_1_245' title='bbox 1001 3614 1136 3658; x_wconf 85' lang='lat' dir='ltr'><strong>mox</strong></span> <span class='ocrx_word' id='word_1_246' title='bbox 1168 3596 1565 3661; x_wconf 87' lang='lat' dir='ltr'><strong>eliberaturos</strong></span> <span class='ocrx_word' id='word_1_247' title='bbox 1611 3616 1943 3679; x_wconf 88' lang='lat' dir='ltr'><strong>speramus.</strong></span> <span class='ocrx_word' id='word_1_248' title='bbox 1994 3595 2086 3659; x_wconf 93' lang='lat' dir='ltr'><strong>Ne</strong></span> <span class='ocrx_word' id='word_1_249' title='bbox 2129 3601 2324 3660; x_wconf 89' lang='lat' dir='ltr'><strong>tamen</strong></span> <span class='ocrx_word' id='word_1_250' title='bbox 2369 3598 2600 3660; x_wconf 85' lang='lat' dir='ltr'><strong>interea</strong></span> <span class='ocrx_word' id='word_1_251' title='bbox 2644 3599 2825 3660; x_wconf 86' lang='lat' dir='ltr'><strong>etiam</strong></span> <span class='ocrx_word' id='word_1_252' title='bbox 2860 3618 2981 3670; x_wconf 89' lang='lat' dir='ltr'><strong>nos,</strong></span> 
     </span>
     <span class='ocr_line' id='line_1_30' title="bbox 613 3688 2978 3789; baseline 0 -21"><span class='ocrx_word' id='word_1_253' title='bbox 613 3708 966 3789; x_wconf 78' lang='lat' dir='ltr'><strong>nostrosque</strong></span> <span class='ocrx_word' id='word_1_254' title='bbox 1006 3706 1370 3770; x_wconf 90' lang='lat' dir='ltr'><strong>necessariis</strong></span> <span class='ocrx_word' id='word_1_255' title='bbox 1405 3704 1758 3770; x_wconf 88' lang='lat' dir='ltr'><strong>defensandi</strong></span> <span class='ocrx_word' id='word_1_256' title='bbox 1790 3688 2203 3788; x_wconf 72' lang='lat' dir='ltr'><strong>apparatibus,</strong></span> <span class='ocrx_word' id='word_1_257' title='bbox 2239 3711 2299 3770; x_wconf 90' lang='lat' dir='ltr'><strong>et</strong></span> <span class='ocrx_word' id='word_1_258' title='bbox 2330 3707 2544 3770; x_wconf 85' lang='lat' dir='ltr'><strong>auxilio</strong></span> <span class='ocrx_word' id='word_1_259' title='bbox 2578 3707 2757 3770; x_wconf 89' lang='lat' dir='ltr'><strong>etiam</strong></span> <span class='ocrx_word' id='word_1_260' title='bbox 2782 3714 2978 3772; x_wconf 80' lang='lat' dir='ltr'><strong>vestro</strong></span> 
     </span>
     <span class='ocr_line' id='line_1_31' title="bbox 617 3812 2977 3901; baseline 0.002 -25"><span class='ocrx_word' id='word_1_261' title='bbox 617 3813 857 3876; x_wconf 80' lang='lat' dir='ltr'><strong>destitui</strong></span> <span class='ocrx_word' id='word_1_262' title='bbox 892 3812 1146 3898; x_wconf 83' lang='lat' dir='ltr'><strong>quodam</strong></span> <span class='ocrx_word' id='word_1_263' title='bbox 1179 3815 1352 3878; x_wconf 89' lang='lat' dir='ltr'><strong>modo</strong></span> <span class='ocrx_word' id='word_1_264' title='bbox 1388 3814 1718 3898; x_wconf 88' lang='lat' dir='ltr'><strong>contingat,</strong></span> <span class='ocrx_word' id='word_1_265' title='bbox 1761 3814 2033 3879; x_wconf 88' lang='lat' dir='ltr'><strong>fidelitati</strong></span> <span class='ocrx_word' id='word_1_266' title='bbox 2074 3821 2175 3878; x_wconf 90' lang='lat' dir='ltr'><strong>tue</strong></span> <span class='ocrx_word' id='word_1_267' title='bbox 2209 3815 2458 3879; x_wconf 85' lang='lat' dir='ltr'><strong>firmiter</strong></span> <span class='ocrx_word' id='word_1_268' title='bbox 2487 3815 2695 3879; x_wconf 86' lang='lat' dir='ltr'><strong>damus</strong></span> <span class='ocrx_word' id='word_1_269' title='bbox 2740 3817 2803 3880; x_wconf 88' lang='lat' dir='ltr'><strong>in</strong></span> <span class='ocrx_word' id='word_1_270' title='bbox 2846 3837 2977 3901; x_wconf 88' lang='lat' dir='ltr'><strong>pre-</strong></span> 
     </span>
     <span class='ocr_line' id='line_1_32' title="bbox 617 3923 2973 4008; baseline 0 -20"><span class='ocrx_word' id='word_1_271' title='bbox 617 3925 829 4008; x_wconf 74' lang='lat' dir='ltr'><strong>ceptis,</strong></span> <span class='ocrx_word' id='word_1_272' title='bbox 865 3943 978 3987; x_wconf 90' lang='lat' dir='ltr'><strong>nec</strong></span> <span class='ocrx_word' id='word_1_273' title='bbox 1009 3944 1188 3989; x_wconf 90' lang='lat' dir='ltr'><strong>secus</strong></span> <span class='ocrx_word' id='word_1_274' title='bbox 1215 3923 1446 3989; x_wconf 84' lang='lat' dir='ltr'><strong>factura</strong></span> <span class='ocrx_word' id='word_1_275' title='bbox 1483 3924 1596 3989; x_wconf 88' lang='lat' dir='ltr'><strong>sub</strong></span> <span class='ocrx_word' id='word_1_276' title='bbox 1629 3924 1948 3988; x_wconf 89' lang='lat' dir='ltr'><strong>amissione</strong></span> <span class='ocrx_word' id='word_1_277' title='bbox 1980 3925 2174 4005; x_wconf 87' lang='lat' dir='ltr'><strong>gratie</strong></span> <span class='ocrx_word' id='word_1_278' title='bbox 2218 3928 2423 3988; x_wconf 87' lang='lat' dir='ltr'><strong>nostre</strong></span> <span class='ocrx_word' id='word_1_279' title='bbox 2472 3929 2535 3987; x_wconf 88' lang='lat' dir='ltr'><strong>et</strong></span> <span class='ocrx_word' id='word_1_280' title='bbox 2574 3925 2973 4007; x_wconf 89' lang='lat' dir='ltr'><strong>indignatione</strong></span> 
     </span>
     <span class='ocr_line' id='line_1_33' title="bbox 613 4030 2969 4120; baseline 0 -24"><span class='ocrx_word' id='word_1_281' title='bbox 613 4036 677 4096; x_wconf 82' lang='lat' dir='ltr'><strong>ut</strong></span> <span class='ocrx_word' id='word_1_282' title='bbox 706 4051 956 4096; x_wconf 87' lang='lat' dir='ltr'><strong>unacum</strong></span> <span class='ocrx_word' id='word_1_283' title='bbox 991 4032 1313 4097; x_wconf 86' lang='lat' dir='ltr'><strong>sufficienti</strong></span> <span class='ocrx_word' id='word_1_284' title='bbox 1347 4037 1633 4118; x_wconf 89' lang='lat' dir='ltr'><strong>apparatu</strong></span> <span class='ocrx_word' id='word_1_285' title='bbox 1678 4038 1739 4097; x_wconf 92' lang='lat' dir='ltr'><strong>et</strong></span> <span class='ocrx_word' id='word_1_286' title='bbox 1782 4033 2017 4118; x_wconf 89' lang='lat' dir='ltr'><strong>populis</strong></span> <span class='ocrx_word' id='word_1_287' title='bbox 2054 4032 2271 4097; x_wconf 88' lang='lat' dir='ltr'><strong>nostris</strong></span> <span class='ocrx_word' id='word_1_288' title='bbox 2306 4053 2378 4096; x_wconf 85' lang='lat' dir='ltr'><strong>ex</strong></span> <span class='ocrx_word' id='word_1_289' title='bbox 2404 4031 2584 4096; x_wconf 88' lang='lat' dir='ltr'><strong>Zalad</strong></span> <span class='ocrx_word' id='word_1_290' title='bbox 2604 4030 2663 4118; x_wconf 61' lang='lat'><strong>³)</strong></span> <span class='ocrx_word' id='word_1_291' title='bbox 2698 4032 2969 4120; x_wconf 55' lang='lat' dir='ltr'><strong>Rhudaq</strong></span> 
     </span>
    </p>
   </div>
   <div class='ocr_carea' id='block_1_10' title="bbox 677 4293 1546 4436">
    <p class='ocr_par' dir='ltr' id='par_1_10' title="bbox 677 4293 1546 4436">
     <span class='ocr_line' id='line_1_34' title="bbox 681 4293 1144 4354; baseline 0.006 -17"><span class='ocrx_word' id='word_1_292' title='bbox 681 4294 724 4354; x_wconf 71' lang='grc'><strong>1)</strong></span> <span class='ocrx_word' id='word_1_293' title='bbox 761 4293 906 4352; x_wconf 80' lang='lat' dir='ltr'><strong>Vajda</strong></span> <span class='ocrx_word' id='word_1_294' title='bbox 939 4295 1144 4350; x_wconf 80' lang='lat' dir='ltr'><strong>Hunynd.</strong></span> 
     </span>
     <span class='ocr_line' id='line_1_35' title="bbox 677 4373 1546 4436; baseline 0.002 -17"><span class='ocrx_word' id='word_1_295' title='bbox 677 4375 725 4436; x_wconf 63' lang='grc' dir='ltr'><strong>Ε)</strong></span> <span class='ocrx_word' id='word_1_296' title='bbox 759 4373 843 4419; x_wconf 88' lang='lat' dir='ltr'><strong>Die</strong></span> <span class='ocrx_word' id='word_1_297' title='bbox 879 4375 1218 4436; x_wconf 82' lang='lat' dir='ltr'><strong>Schwarzburg</strong></span> <span class='ocrx_word' id='word_1_298' title='bbox 1249 4377 1324 4422; x_wconf 87' lang='lat' dir='ltr'><strong>bei</strong></span> <span class='ocrx_word' id='word_1_299' title='bbox 1359 4376 1546 4421; x_wconf 87' lang='lat' dir='ltr'><strong>Zeiden.</strong></span> 
     </span>
    </p>
   </div>
   <div class='ocr_carea' id='block_1_11' title="bbox 677 4456 1542 4598">
    <p class='ocr_par' dir='ltr' id='par_1_11' title="bbox 677 4456 1542 4598">
     <span class='ocr_line' id='line_1_36' title="bbox 677 4456 1542 4517; baseline 0.003 -16"><span class='ocrx_word' id='word_1_300' title='bbox 677 4456 725 4517; x_wconf 67' lang='lat'><strong>⁶3)</strong></span> <span class='ocrx_word' id='word_1_301' title='bbox 761 4457 923 4502; x_wconf 81' lang='lat' dir='ltr'><strong>Zalasd</strong></span> <span class='ocrx_word' id='word_1_302' title='bbox 955 4457 1013 4500; x_wconf 89' lang='lat' dir='ltr'><strong>im</strong></span> <span class='ocrx_word' id='word_1_303' title='bbox 1046 4458 1293 4514; x_wconf 78' lang='lat' dir='ltr'><strong>Hnnyadcr</strong></span> <span class='ocrx_word' id='word_1_304' title='bbox 1327 4458 1542 4504; x_wconf 83' lang='lat' dir='ltr'><strong>Comitat.</strong></span> 
     </span>
     <span class='ocr_line' id='line_1_37' title="bbox 677 4536 1024 4598; baseline -0.009 -13"><span class='ocrx_word' id='word_1_305' title='bbox 677 4536 725 4598; x_wconf 73' lang='lat'><strong>⁴)</strong></span> <span class='ocrx_word' id='word_1_306' title='bbox 761 4538 887 4584; x_wconf 83' lang='lat' dir='ltr'><strong>Ruda</strong></span> <span class='ocrx_word' id='word_1_307' title='bbox 919 4538 1024 4584; x_wconf 81' lang='lat' dir='ltr'><strong>ebd.</strong></span> 
     </span>
    </p>
   </div>
  </div>
 </body>
</html>
