3150 5092
842 557 950 626 XLlX.

860 691 940 746 rear.

393 802 559 886 Capitulum
577 802 709 867 ecclesie
725 803 943 886 tronsplvone.
961 803 1004 864 Ad
1017 803 1150 864 omnium
1165 809 1324 884 presentes
1342 803 1495 886 inspectu·

304 928 405 971 rorum
415 911 550 971 notitiam
561 907 697 973 volumus
711 910 813 972 harum
826 910 906 971 serie
919 910 1089 991 pervenire.
1105 909 1190 991 Quod
1204 910 1356 972 accedens
1365 910 1495 972 nostriiu

301 1016 485 1098 presentiam
503 1017 616 1081 Gallus
632 1015 710 1078 lilius
735 1016 832 1101 Wydh
855 1019 896 1081 de
910 1018 1016 1091 Bord,
1040 1018 1198 1080 confessus
1216 1022 1265 1079 est
1280 1038 1381 1079 coram
1399 1015 1494 1088 nobis,

301 1123 465 1206 retulitque
482 1123 594 1195 taliter,
611 1123 689 1209 qnod
708 1123 782 1186 licet
798 1133 909 1188 terram
925 1126 1015 1208 Boje,
1032 1131 1114 1188 terre
1131 1122 1354 1208 Zumbuthel1)
1376 1129 1495 1186 conter-

302 1231 420 1303 minam,
437 1231 521 1293 etde
537 1231 673 1313 presenti
690 1231 719 1292 in
736 1231 802 1314 ipsa
824 1237 904 1295 terra
932 1232 1126 1296 Bluchorum
1155 1233 1332 1295 existentem
1363 1231 1493 1294 habitam

297 1338 431 1420 propriis
448 1339 522 1412 suis,
536 1339 689 1422 justisque
706 1339 851 1422 impensis
868 1339 904 1402 ab
921 1339 1042 1402 homine
1058 1339 1145 1422 anul
1161 1339 1321 1420 filioStoje
1337 1342 1494 1410 coemerit,

294 1443 417 1530 jurique
440 1465 494 1508 suo
517 1446 682 1527 subjectam
700 1446 877 1518 reddiderit,
896 1448 1091 1511 considerans
1116 1454 1214 1511 tamen
1232 1452 1263 1510 et
1278 1449 1376 1510 animo
1392 1447 1494 1510 revol·
1567 1525 1568 1555 1

300 1571 375 1614 vens
392 1572 446 1615 suo
465 1552 593 1637 qualiter
609 1553 714 1616 eadem
731 1558 812 1616 terra
834 1576 849 1616 a
867 1560 1004 1637 tempore
1020 1554 1176 1616 humanam
1194 1554 1365 1616 memoriam
1388 1558 1492 1615 trans-

300 1664 390 1721 eunte
407 1680 463 1743 per
480 1661 627 1740 majores,
647 1681 735 1732 aros,
755 1667 918 1746 atavosque
935 1660 1031 1744 ipsius
1044 1661 1139 1723 Trnlh
1161 1661 1214 1723 filii
1227 1660 1327 1724 Choru
1344 1680 1490 1743 possessa

302 1770 332 1828 et
348 1786 364 1827 a
381 1767 567 1849 temporibus
581 1768 660 1849 jam,
686 1768 793 1850 quibus
816 1769 883 1851 ipsa
906 1773 988 1830 terra
1012 1768 1169 1831 blacorum
1191 1772 1271 1830 terra
1294 1767 1492 1850 bulgarorum

302 1873 460 1935 exstitisse
483 1875 595 1947 fertur,
629 1877 664 1938 ad
694 1878 788 1959 ipsam
812 1881 921 1938 terram
943 1875 1060 1956 anros
1083 1879 1165 1937 tenta
1186 1875 1291 1947 fuerit,
1315 1874 1446 1958 qualiter
1466 1873 1494 1936 id

300 1982 399 2045 dietus
416 1982 532 2046 Thruth
548 1984 626 2047 filins
639 1983 740 2047 Choru
758 1983 1041 2069 quamplurimorum
1059 1981 1209 2045 hominum
1221 1981 1329 2062 elogiis
1342 1981 1494 2043 affirmare

297 2089 422 2151 adnisus
436 2088 501 2164 fnit,
511 2089 578 2152 hine
591 2110 628 2151 ne
637 2091 737 2171 jurgia
748 2097 914 2174 temporum
925 2091 953 2153 in
965 2108 1110 2173 processu
1120 2094 1346 2159 enascerentur,
1355 2090 1491 2151 fraterne

294 2201 455 2281 mutaeque
483 2197 655 2269 charitatis,
684 2216 769 2278 quam
794 2197 956 2259 christiana
978 2195 1076 2259 eidem
1104 2196 1210 2259 suadet
1236 2197 1362 2277 religio,
1381 2197 1490 2259 affectu

293 2304 418 2373 ductus.
445 2303 556 2366 dictam
585 2311 697 2368 terram
722 2305 813 2385 boja,
841 2312 923 2367 terre
945 2304 1125 2368 Zumhutbel
1152 2305 1369 2366 conterminam
1394 2305 1491 2366 eidem

293 2409 410 2473 Thrulh
433 2410 494 2472 filio
509 2411 620 2481 Choru‚
644 2418 767 2493 accepta
787 2412 853 2490 ejus
870 2432 1065 2494 recompensa
1081 2413 1110 2472 in
1128 2413 1321 2494 pecuniarum
1338 2409 1489 2473 solutione

290 2523 320 2580 ct
347 2519 514 2590 refusione,
544 2519 661 2581 remisit
685 2539 786 2582 coram
804 2520 888 2581 nobis
917 2521 1103 2601 presentium
1127 2518 1299 2581 testimonio
1322 2517 1487 2580 literarum.

289 2628 372 2690 Anno
390 2626 549 2690 millesimo
567 2627 776 2690 ducentesimo
793 2626 949 2689 tricesimo
968 2631 999 2690 et
1015 2629 1122 2711 primo.

865 2883 904 2950 b.
1006 2939 1009 2943 ,

725 3035 806 3097 1232,
820 3036 865 3088 26.
881 3035 946 3106 Apr.
964 3035 1050 3086 Rom.

288 3703 366 3761 runt.
393 3699 478 3780 Quod
498 3720 564 3762 oum
582 3700 754 3763 carissimus
787 3699 816 3759 in
843 3697 964 3761 Christo
988 3696 1067 3760 filius
1083 3704 1188 3760 noster
1209 3699 1346 3763 Andreas
1362 3697 1487 3761 illustris

380 3160 548 3242 Gregorius
566 3163 730 3245 episcopus
750 3181 858 3224 servus
880 3180 1035 3223 serrorum
1059 3161 1115 3222 llei
1140 3162 1294 3223 carissimo
1310 3163 1341 3222 in
1364 3161 1485 3232 Christo
1567 3148 1568 3161 ¹

290 3268 350 3332 filio
367 3272 444 3334 Bclc
460 3270 662 3354 primogenito
680 3270 830 3333 carissimi
847 3270 878 3331 in
896 3269 1016 3332 Christo
1035 3268 1087 3331 lilii
1104 3270 1198 3331 nostri
1212 3270 1343 3341 Andree,
1360 3270 1487 3332 illustris

291 3379 374 3456 regis
399 3377 543 3458 Ungarie.
570 3377 704 3439 Salutem
736 3382 767 3438 et
794 3377 989 3459 apostolicam
1017 3375 1271 3438 benedictionem.
1297 3377 1411 3440 Dilecti
1435 3376 1486 3438 lilii
1567 3430 1568 3453 ἶ

289 3485 435 3566 magister
467 3491 498 3547 et
526 3486 637 3548 fratres
672 3485 777 3546 domus
809 3483 978 3568 hospitalia
1001 3491 1114 3549 sancte
1136 3483 1242 3546 Murio
1270 3483 1484 3548 Theotom'eo-

287 3614 358 3656 rum
379 3591 645 3655 lherosolimitane
668 3591 771 3654 humili
794 3591 879 3654 nobis
906 3598 936 3653 et
957 3591 1082 3653 instanti
1101 3593 1317 3674 conquestione
1333 3597 1485 3654 monstra·

289 3828 339 3870 rex
356 3805 490 3886 Ungaric
506 3813 594 3890 pater
610 3812 679 3869 tuus
700 3825 802 3868 eornm
831 3805 932 3868 domui
957 3809 1067 3867 terram
1092 3806 1213 3870 Boreae
1235 3807 1283 3887 pia
1304 3804 1486 3869 liberalitate
1567 3812 1568 3865 t

290 3913 433 3977 donasset
450 3915 528 3978 siout
543 3915 573 3978 in
590 3914 665 3997 ipsis
691 3913 860 3995 privilegiis
883 3913 1091 3996 perspeximus
1114 3913 1234 3996 plenius
1252 3913 1413 3989 contineri,
1429 3916 1484 3996 ipsi

286 4040 341 4103 pro
371 4020 497 4084 colenda
523 4027 554 4083 et
581 4021 740 4084 munienda
771 4026 854 4083 terra
885 4021 990 4083 eadem
1013 4042 1070 4103 per
1092 4041 1179 4103 quam
1196 4019 1336 4083 Comanis
1359 4041 1485 4103 regnum

288 4127 422 4210 Ungarie
455 4127 661 4210 multipliciter
696 4128 960 4212 perturbantibus,
994 4129 1138 4212 frequens
1162 4130 1302 4192 introitus
1328 4134 1361 4190 et
1387 4130 1485 4192 exitus
1567 4114 1568 4191 l

286 4233 457 4298 habebatur
483 4254 673 4298 numerosam
701 4237 859 4317 pecuniam
888 4235 1094 4319 expenderunt
1116 4235 1160 4299 ibi
1184 4255 1252 4299 cum
1273 4235 1366 4298 multo
1381 4235 1484 4299 labore
1567 4288 1568 4307 ,

286 4449 611 4460 -—--—-.-—.—-......

320 4563 344 4622 1)
363 4565 542 4610 Srombatt'alva.
