3150 5092
1244 309 1314 380 101

119 479 272 544 cautelam
297 479 459 552 absolutis,
489 501 545 564 per
568 480 753 564 quorundam
773 480 934 552 baronum,
961 482 1039 564 patri
1056 488 1158 546 nostro
1176 481 1320 556 fidelium,

119 587 198 651 licet
212 592 285 652 tunc
294 587 360 671 ipsi
376 608 431 652 auo
448 593 552 652 nostro
570 594 678 654 coacte
695 589 900 651 famulantium
918 588 1053 652 Saxones
1072 599 1102 653 et
1118 590 1167 653 alii
1183 591 1320 655 homines

119 695 258 776 regionis
287 695 485 759 Transiluane
513 695 550 759 ad
579 700 697 776 patrem
718 701 853 760 nostrum
873 695 1041 772 redierunt,
1065 718 1132 763 eum
1156 699 1320 761 naturalem

118 806 207 866 terre
224 801 378 865 dominum
395 808 627 883 cognoscentes.
652 805 685 866 ln
701 803 810 886 quihus
828 802 948 888 quidem
965 803 1087 867 casibus
1104 812 1191 889 patre
1214 813 1317 870 nostro

118 914 152 972 et
168 907 268 984 nohis,
286 909 371 994 quasi
399 911 428 973 in
457 911 670 994 desperatione
698 911 817 994 positis,
847 910 925 974 idem
954 915 1097 992 magister
1120 913 1229 976 Petrus
1252 934 1318 977 curn

116 1017 227 1080 eodem
252 1016 374 1081 Matheo
396 1017 491 1082 fratre
510 1039 576 1090 suo,
600 1025 630 1080 et
653 1039 719 1081 cum
741 1016 920 1102 quibusdam
944 1019 1011 1081 aliis
1028 1019 1084 1083 suh
1102 1021 1227 1083 castello
1244 1041 1317 1105 pre-

118 1125 202 1189 dicto
216 1130 246 1189 et
261 1125 337 1190 locis
355 1127 433 1201 aliis,
450 1127 588 1209 repetitis
606 1146 714 1209 nempe
733 1126 861 1201 vicibus,
878 1146 935 1209 pro
960 1127 1076 1190 honore
1092 1134 1123 1191 et
1138 1126 1317 1191 liberatione

116 1234 235 1317 negotii
254 1235 350 1316 patris
373 1235 477 1308 nostri,
504 1233 605 1298 dubiis
628 1233 771 1297 bellorum
796 1235 955 1298 enantibus
980 1256 1016 1298 se
1038 1237 1227 1299 committere
1257 1256 1315 1299 non

116 1342 251 1426 expauit,
269 1345 409 1425 potenter
426 1340 604 1411 dimicando,
629 1341 762 1405 militiam
786 1343 924 1407 exercuit
945 1344 1121 1427 frequenter
1137 1345 1316 1413 virtuosam

114 1450 246 1514 sudores
273 1448 401 1513 bellicos
431 1454 463 1512 et
486 1449 605 1512 lethalia
635 1451 757 1513 vulnera
783 1449 971 1521 sustinendo,
996 1453 1123 1514 maxime
1140 1454 1170 1514 in
1187 1472 1223 1514 eo
1240 1472 1313 1514 cou-

114 1559 211 1631 flictu,
230 1557 349 1642 quando
365 1557 558 1629 Laurentius,
575 1557 653 1621 lilius
672 1557 799 1641 Kemyn,
817 1557 946 1621 etmulti
963 1558 1013 1622 alii
1030 1560 1110 1643 capti
1133 1560 1255 1623 luerunt
1283 1566 1314 1621 et

109 1665 253 1748 jugulati.
278 1666 358 1730 Sane
375 1685 441 1728 cum
459 1667 581 1749 llerney
598 1664 708 1734 banus,
727 1673 757 1729 et
774 1664 825 1728 alii
842 1666 891 1729 aui
911 1668 1008 1728 nostri
1029 1666 1174 1737 barones,
1198 1687 1312 1750 preno-

112 1779 176 1838 tata
204 1773 424 1857 persecutionis
448 1778 596 1856 tempore,
626 1780 729 1836 contra
759 1777 875 1855 patrem
900 1778 1034 1835 nostrum
1064 1774 1182 1836 domata
1210 1774 1313 1837 militia

114 1883 336 1956 accessissent,
352 1882 431 1944 idem
448 1882 591 1961 magister
608 1880 717 1944 Petrus
735 1901 802 1944 cum
820 1882 937 1963 prefato
953 1880 1048 1945 fratre
1060 1901 1126 1953 suo,
1143 1881 1314 1963 hujusmodi

111 1992 296 2073 preueniens
314 1990 495 2059 exercitum,
513 1989 610 2071 ipsum
628 1988 719 2051 Ernei
737 1987 845 2051 hanum
868 1989 1022 2052 deuictum
1048 1992 1076 2051 in
1094 1990 1193 2073 prelio
1216 1995 1312 2074 capti-

112 2099 214 2168 uauit‚
232 2094 281 2158 vhi
298 2097 366 2180 ipse
383 2094 535 2159 lethaliter
551 2097 664 2159 exstitit
680 2097 842 2160 sauciatus.
860 2097 932 2159 ltem
949 2099 977 2158 in
994 2097 1133 2181 llsuazeg
1149 2119 1216 2161 cum
1232 2098 1311 2162 idem

111 2211 203 2289 pater
220 2211 323 2268 noster
340 2208 444 2268 contra
461 2204 563 2267 Belem
581 2205 704 2275 ducem,
730 2204 957 2276 Prewcilinum,
981 2204 1141 2269 Henricum
1157 2207 1265 2271 hanum
1283 2211 1314 2269 et

111 2314 191 2377 alios
210 2313 306 2395 ipsius
324 2315 372 2377 aui
390 2314 483 2375 nostri
502 2310 656 2393 adiutores
674 2318 705 2376 et
721 2312 862 2384 barones,
881 2313 1051 2375 condictum
1069 2312 1206 2385 haberet,
1231 2312 1311 2377 idem

11 2507 12 2512 γ
111 2423 261 2503 magister
289 2420 412 2490 Petrus,
449 2419 522 2483 licet
554 2425 642 2483 antea
669 2420 858 2483 transfossus
884 2421 988 2483 lancea
1019 2429 1049 2484 et
1079 2427 1182 2484 sectus
1210 2421 1310 2503 gladio

110 2529 244 2592 militare
272 2528 481 2599 convaleret,
511 2529 587 2590 mori
614 2533 714 2591 tamen
738 2548 794 2611 pro
819 2531 905 2611 patre
929 2532 1030 2591 nostro
1054 2533 1084 2591 et
1108 2528 1195 2592 nobis
1216 2528 1312 2610 elegit

110 2637 224 2721 potius,
241 2656 328 2720 quam
345 2643 414 2698 ante
443 2637 729 2699 consummationem
754 2635 945 2698 laudabiliter
969 2636 1141 2719 relinquere
1164 2637 1309 2700 initiatum

112 2745 274 2826 negocium
302 2745 397 2827 patris
427 2743 541 2814 nostri;
567 2742 615 2806 rbi
644 2763 783 2807 coronam
809 2745 896 2824 regni
913 2743 1065 2826 ilungarie
1090 2743 1197 2807 celitus
1221 2744 1308 2807 nohis

109 2873 167 2938 per
194 2853 419 2915 successionem
441 2851 589 2922 traditam,
618 2853 647 2914 in
676 2871 808 2934 persona
833 2852 928 2934 patris
956 2852 1050 2913 nostri
1066 2850 1259 2922 obtinuimus,
1277 2858 1309 2916 et

109 2960 357 3043 recuperavimus
383 2979 438 3044 per
465 2959 600 3038 ejusdem
628 2959 768 3039 magistri
803 2957 883 3020 Petri
912 2955 1087 3020 fidelitatem
1117 2958 1309 3021 commenda-

108 3067 257 3132 hilem—
274 3105 310 3113 -
330 3103 374 3114 -
390 3069 422 3129 ln
439 3086 497 3150 quo
515 3065 634 3149 quidem
652 3066 804 3137 conflictu,
818 3066 890 3128 Bela
907 3065 985 3130 duce
1002 3065 1144 3145 effugato,
1161 3068 1307 3131 etPrew-

110 3177 208 3241 celino
225 3176 397 3246 interfecto,
409 3174 556 3238 Hernicus
572 3173 667 3237 banus
685 3195 752 3238 cum
770 3174 841 3237 tiliis
854 3178 885 3236 et
901 3173 1100 3257 complicibus
1112 3175 1176 3237 suis
1194 3177 1308 3239 exstitit

110 3283 290 3367 captivatus.
317 3282 410 3344 Porro
428 3301 494 3344 cum
512 3282 650 3354 Ottocar,
676 3282 875 3346 Bohemorum
897 3302 969 3353 rex,
993 3284 1065 3344 tunc
1088 3283 1183 3363 patris
1201 3283 1305 3355 nostri,

110 3412 190 3455 nunc
206 3395 305 3455 autem
324 3395 430 3454 noster
446 3389 582 3473 capitalis
601 3389 750 3460 inimicus,
768 3388 840 3452 fidei
857 3409 911 3454 sue
926 3391 1076 3460 desertor,
1093 3389 1201 3453 violata
1217 3410 1305 3472 pace,

108 3500 215 3564 fractis
230 3499 359 3580 treugis,
377 3503 408 3560 et
423 3499 519 3581 ruptis
539 3497 703 3577 juramenti
730 3498 777 3560 sni
803 3497 942 3574 vinculis,
970 3497 1085 3560 ducens
1113 3499 1143 3560 in
1166 3498 1305 3562 auxilium

107 3607 167 3671 sibi
199 3606 304 3670 florem
337 3605 428 3669 totius
460 3605 650 3678 Alemannis,
683 3610 788 3668 contra
812 3610 927 3688 patrem
952 3610 1086 3668 nostrum
1115 3603 1190 3668 fines
1214 3605 1304 3688 regni

109 3717 241 3796 Vngarie
263 3715 469 3799 potentialiter
492 3714 618 3777 adiisset
640 3714 800 3778 Posonium
824 3718 855 3776 et
879 3713 1008 3796 quedam
1031 3713 1088 3776 alia
1106 3718 1205 3776 castra
1229 3734 1303 3796 pro·

107 3821 293 3888 ditionaliter
320 3827 515 3908 occupassem
542 3822 684 3905 idemque
718 3825 804 3905 pater
834 3825 939 3885 noster
959 3821 1138 3903 generalem
1170 3823 1304 3885 leuasset

106 3935 281 4004 exercitum,
289 3936 393 3994 contra
410 3951 486 4003 eum,
500 3951 575 4014 sepe
592 3929 690 3993 dictus
704 3929 850 4011 magister
866 3929 985 4001 Petrus,
1002 3930 1091 3993 simul
1108 3949 1177 3992 cum
1194 3929 1301 3994 eodem

107 4041 202 4104 lratre
232 4060 306 4111 suo,
338 4039 416 4122 apud
444 4036 623 4110 Posonium,
656 4044 725 4122 post
747 4038 828 4102 circa
851 4038 1038 4109 Musonium,
1067 4057 1125 4122 quo
1148 4037 1227 4101 idem
1250 4058 1304 4100 rex

106 4149 306 4213 Bohemorum
330 4152 428 4210 castra
455 4167 508 4211 sua
533 4143 695 4217 defixerat,
727 4145 832 4208 militie
853 4165 908 4208 sue
930 4147 1025 4209 aciem
1042 4144 1079 4208 ad
1101 4145 1210 4209 bellurn
1229 4166 1302 4228 pre-

108 4255 260 4340 parando,
285 4276 319 4318 ac
348 4255 464 4318 demum
494 4256 525 4318 in
552 4253 642 4317 fluuio
672 4253 816 4318 Rehucze
842 4254 921 4319 vnde
953 4253 991 4314 de
1024 4273 1094 4316 area
1121 4254 1303 4325 certaminis,

108 4384 196 4451 quum
213 4363 292 4447 patri
308 4369 411 4428 nostro
428 4365 499 4427 felix
511 4367 649 4427 cesserat
665 4363 803 4434 victoria,
826 4366 857 4424 vt
872 4361 920 4426 rix
937 4363 1034 4425 euasit
1057 4363 1215 4443 fugitiuus,
1233 4366 1302 4425 ante

109 4473 183 4536 alios
201 4473 320 4535 irruens
339 4476 370 4538 in
394 4472 554 4538 aduersum
578 4473 742 4535 exercitum
763 4469 841 4534 tales
858 4469 962 4533 titulos
979 4469 1133 4553 triumphi,
1150 4469 1301 4554 talemque
