3150 5092
1273 315 1296 382 ⁷

79 482 285 564 presentium
310 479 464 543 literarum
493 483 671 545 auctoritate
701 483 876 554 statuimus,
899 485 979 546 atsi
1003 483 1123 567 aliquod
1141 459 1298 569 'scriptum

84 592 205 652 contra
221 589 482 673 sententiamque
498 594 601 653 contra
618 591 833 654 Flcndrcnsec
846 591 1040 664 sacerdotes,
1055 593 1106 674 qui
1119 593 1210 674 positi
1226 598 1297 657 sunt

83 697 121 759 in
139 703 236 761 terra
251 695 286 760 S.
303 696 473 761 Michaelis
483 695 512 782 ¹)
529 697 676 781 qnondam
690 698 841 770 decimali,
866 718 957 781 super
970 699 1040 780 jure
1057 699 1224 781 parochiali
1238 721 1294 783 pro

82 808 120 866 te
139 802 204 866 lata
223 807 280 876 est,
302 823 359 886 per
376 802 599 887 subreptionem
616 810 762 888 appareat
777 807 978 890 impetratum,
999 805 1115 870 viribus
1132 811 1244 880 careat,
1266 813 1298 872 et

87 913 158 975 tuis
173 913 372 994 imposterum
388 911 554 976 rationibus
572 934 629 977 non
646 910 783 976 obsistat.
808 912 882 975 lllnd
897 932 1016 996 quoque
1041 912 1240 986 deceruimus,
1266 921 1298 979 et

87 1039 151 1100 per
176 1023 338 1102 presentes
362 1019 416 1082 tibi
437 1019 541 1082 literas
558 1020 760 1102 indulgemus,
776 1024 810 1084 nt
825 1021 853 1083 si
868 1021 1052 1085 venerabilis
1076 1022 1173 1084 irater
1196 1027 1299 1086 noster

87 1125 320 1208 strigoniensis
351 1127 385 1189 Α.
418 1127 589 1211 episeopus,
614 1129 661 1191 vel
691 1127 882 1193 albiniensis
916 1129 1118 1215 prepositus,
1150 1135 1202 1193 aut
1234 1129 1295 1213 ipsi

88 1235 315 1298 Flaudrecoec
333 1233 506 1317 presbyteri
518 1239 622 1317 preter
635 1237 850 1299 conscientiam
862 1240 952 1310 tuam,
968 1240 999 1298 et
1015 1237 1228 1318 procuratoris
1243 1238 1299 1312 tni,

90 1342 126 1404 in
144 1361 310 1422 gravamen
332 1345 415 1404 tuum
438 1342 560 1423 judices
588 1344 704 1428 aliquos
725 1343 969 1427 impetraverint,
993 1364 1068 1427 qnos
1100 1345 1150 1408 vel
1180 1343 1295 1410 habeas

91 1449 304 1521 adversarios,
326 1449 375 1513 vel
395 1450 554 1513 manifeste
575 1450 678 1532 possis
699 1449 830 1533 probare
845 1456 1016 1536 suspectos,
1039 1452 1077 1514 ad
1093 1453 1296 1517 recusandum

86 1557 163 1621 illos
186 1557 277 1620 liceat
297 1555 354 1620 tibi
380 1558 483 1620 sedem
506 1559 700 1641 apostolicam
724 1558 895 1642 appellare,
920 1559 1010 1623 etiam
1037 1563 1065 1624 si
1088 1560 1120 1622 in
1147 1561 1291 1625 commis-

87 1665 190 1728 sionis
205 1659 304 1727 literis
320 1665 526 1747 appellationis
543 1667 584 1730 sit
604 1665 769 1730 remedium
785 1664 994 1730 interclusum.
1012 1666 1119 1732 Datum
1136 1667 1289 1732 Laterani.

92 1771 165 1835 XIX
180 1770 299 1834 kalend.
321 1771 443 1836 dannan.
1169 1765 1172 1769 ’

660 1975 742 2046 Vlll.

658 2129 739 2184 aaoo.

187 2255 325 2319 Andreas
351 2255 401 2319 dei
424 2255 521 2337 gratia
540 2255 710 2340 Hungarie,
736 2257 901 2327 Dalmatis,
929 2244 1066 2327 Oroatis,
1091 2255 1200 2328 Ranae,
1219 2258 1295 2320 Ser-

95 2365 163 2436 vie,
191 2362 334 2439 Gallicis,
362 2363 604 2446 hodomerieque
632 2385 687 2427 rex
713 2363 744 2427 in
768 2369 956 2448 perpetuum.
995 2363 1069 2427 Cum
1097 2367 1184 2444 regie
1209 2384 1296 2428 sere·

97 2471 202 2534 nitatis
218 2470 565 2542 intersit,universornm
582 2470 725 2553 regnisui
742 2471 894 2553 hospitum
906 2471 1152 2556 libertatemqua
1168 2470 1298 2554 biuagna

97 2576 182 2663 (sic)
198 2577 265 2640 illos
283 2582 389 2641 nature
411 2597 517 2640 manns
545 2577 657 2652 beavit,
684 2579 829 2642 illibatam
848 2578 1080 2663 inviolatamque
1097 2577 1209 2642 debere
1222 2599 1296 2642 con-

96 2705 237 2749 servare:
256 2684 382 2768 speciali
399 2689 498 2748 tamen
515 2686 642 2770 quadam
664 2686 865 2750 familiaritate
888 2686 994 2749 horum
1010 2686 1132 2750 utilitati
1150 2705 1185 2749 ae
1202 2686 1297 2769 quieti

95 2799 235 2856 tenemur
251 2793 404 2865 insudare,
430 2813 506 2876 quos
524 2797 555 2856 et
570 2792 712 2856 nobilitas
729 2795 854 2874 generis
871 2797 996 2858 exornat
1014 2796 1045 2856 et
1060 2792 1186 2877 provida
1209 2794 1293 2876 prio-

101 2921 168 2964 rum
184 2920 289 2983 regnm
306 2901 485 2966 deliberatio
503 2901 694 2983 acceptiores
710 2900 854 2964 hahuisse
871 2902 1060 2984 dignoscitur
1076 2906 1107 2965 et
1129 2900 1295 2982 digniores.

95 3009 228 3074 Proinde
250 3010 364 3092 primos
387 3001 525 3092 hospites
542 3009 629 3090 regui
652 3009 690 3072 do
712 3009 809 3073 tribus
833 3009 912 3075 villis
929 3008 1143 3092 Ultrasilvanis
1165 3009 1295 3074 Korada

98 3116 251 3187 videlieet,
264 3116 497 3202 Cbrcpondorf
507 3120 537 3180 et
548 3118 646 3181 Romo
658 3137 733 3199 qnos
747 3137 783 3180 ex
800 3119 1028 3199 progenitorum
1044 3121 1214 3179 nostrorum
1230 3120 1294 3178 tra-

100 3223 213 3287 ditione
236 3224 393 3287 sollicitam
422 3222 603 3286 adhibentes
635 3224 936 3307 circumspectionem
959 3223 1055 3305 magis
1082 3227 1233 3307 praet
1257 3227 1290 3286 nt

102 3331 175 3394 alios
191 3332 279 3412 regni
295 3331 432 3414 hospites
458 3331 666 3412 cognovimus,
684 3332 845 3413 benignius
861 3332 1024 3403 intuentes,
1036 3338 1067 3396 et
1083 3351 1185 3394 eornm
1203 3350 1294 3395 seon-

101 3439 192 3508 ritati,
216 3457 251 3500 ac
273 3440 373 3510 statui,
396 3438 483 3521 regio
508 3439 745 3503 mansuetndinis
768 3439 918 3503 beneficio
934 3438 1097 3523 pululante,
1115 3438 1167 3499 tali
1183 3457 1237 3500 eos
1253 3436 1292 3500 ob

100 3546 319 3630 reprimendam
336 3550 524 3628 posterorum
542 3549 775 3630 presumtionem
792 3547 941 3611 libertatis
965 3547 1079 3629 gratia,
1102 3565 1190 3628 quam
1211 3550 1295 3609 autc·

102 3672 254 3717 cessurum
287 3657 456 3716 nostrorum
477 3654 646 3738 privilegiis
669 3655 839 3726 obtinuere,
864 3655 1049 3725 dotavimus,
1082 3652 1161 3736 quod
1194 3672 1296 3717 coram

103 3760 180 3825 nullo
212 3780 339 3845 prorsus
368 3759 473 3842 judice
500 3763 530 3823 iu
557 3762 683 3844 agendis
718 3762 903 3847 quibuslibet
940 3762 1003 3825 sois
1039 3761 1139 3825 causis
1172 3759 1295 3823 adstare

104 3871 289 3953 aliquatenus
305 3872 481 3940 teneantur,
509 3888 567 3932 nec
593 3889 648 3951 vay
657 3915 735 3933 .....
769 3889 824 3934 sno
850 3868 971 3931 adstare
989 3866 1107 3948 judicio
1136 3866 1296 3949 compellat

103 3997 154 4059 pro
169 3980 306 4058 tempore
324 3975 504 4038 constitutus
521 3973 605 4038 Ultra
622 3975 740 4060 Sylvas,
758 3997 814 4039 nec
829 3975 935 4060 aliquis
947 3975 1142 4056 vajvodarnm
1157 3974 1291 4039 descen-

105 4085 173 4147 dere
190 4103 282 4166 super
300 4102 353 4145 eos
369 4083 477 4164 possit,
507 4083 564 4145 nisi
582 4103 597 4145 a
615 4083 823 4148 benevolentia
852 4103 955 4146 eorum
977 4083 1122 4145 invitatus
1148 4082 1237 4144 fuerit
1255 4081 1291 4143 ab

108 4273 427 4284 ..——-.------.-

129 4383 154 4458 1)
172 4384 218 4438 llic
233 4385 469 4438 Kathedralhirehc
487 4383 534 4437 des
547 4385 676 4439 Albenser
690 4385 820 4438 bistbums
839 4385 874 4438 ist
892 4385 951 4438 dem
971 4383 1033 4437 heil.
1047 4383 1159 4436 bliehacl
1174 4382 1296 4452 gaveiht,

172 4475 252 4529 daher
265 4475 301 4528 ist
313 4477 391 4528 unter
402 4475 485 4529 Terra
498 4475 526 4527 S.
542 4474 675 4529 Michaelis
688 4474 729 4529 dic
743 4475 875 4529 Albenser
889 4474 1002 4528 Didcese
1016 4472 1187 4527 verotanden.
