3150 5092
565 292 664 363 72

561 464 833 530 ciusdem
898 465 1059 529 Onht
1113 470 1176 529 et
1228 486 1340 549 per
1387 468 1552 548 ipsos
1596 466 1863 548 ipsorum
1898 466 2228 531 heredibus
2262 467 2683 548 heredumque
2714 483 2951 526 snorum

560 571 1019 638 suecessoribus
1065 594 1173 657 pro
1208 576 1469 658 quatuor
1503 574 1724 636 mareis
1758 573 1895 656 puri
1928 574 2078 646 auri,
2120 575 2300 658 plene
2335 594 2449 659 per
2478 573 2651 656 ipsos
2696 569 2857 633 Onht
2898 574 2949 631 et

563 679 701 744 tiliis
741 682 869 745 suis
912 680 1261 765 persolutis,
1289 685 1351 745 et
1381 701 1494 764 per
1528 681 1725 753 Dawt,
1761 681 2159 745 Laurencium
2213 687 2275 745 et
2315 680 2446 743 Bob
2487 679 2786 762 receptis,
2816 694 2949 759 pel·-

558 794 743 874 petuo
788 810 859 854 ae
902 789 1394 855 inreuoeabiliter
1438 788 1809 854 uendidisse.
1851 790 1927 854 vt
1957 791 2145 874 igitur
2177 791 2291 854 hec
2322 789 2621 873 promissa
2654 783 2948 853 uendieio,

562 918 633 964 ae
690 897 882 963 emcio
936 897 1429 962 inreuoeabiliter
1477 899 1673 981 possit
1726 897 2075 970 obseruari,
2120 897 2198 961 ad
2240 898 2601 982 peticionem
2646 892 2950 974 utriusque

560 1006 750 1091 partis
805 1011 868 1069 et
933 1026 1114 1070 causa
1182 1006 1453 1079 iusticie,
1517 1006 1751 1070 litteras
1807 1011 2044 1070 nostras
2089 1004 2365 1070 dedimus
2407 1007 2472 1069 in
2524 1000 2949 1071 testimonium,

563 1114 768 1198 sigillo
803 1119 1010 1179 nostro
1042 1112 1375 1179 roboratas.
1412 1115 1655 1187 Datum,
1689 1135 1842 1178 anno
1875 1115 2101 1179 domini
2133 1112 2295 1178 MCC
2328 1110 2827 1198 quinquagesimo
2857 1107 2948 1170 vl.

1644 1299 1864 1370 LXXI.

1573 1435 1953 1490 (κου-1270.

749 1552 1273 1616 Exeellentissimo
1306 1554 1544 1617 domino
1597 1572 1728 1626 suo,
1774 1553 1869 1616 St.
1913 1552 2014 1616 dei
2045 1554 2240 1634 gratia
2265 1553 2491 1634 juniori
2522 1555 2656 1634 regi
2689 1553 2957 1634 Vngarie

565 1664 713 1724 cinei
773 1661 1233 1725 Transsiluano
1280 1659 1519 1725 domino
1568 1680 1799 1733 eorum,
1847 1660 2174 1745 capitulum
2220 1661 2485 1725 ecclesie
2533 1660 2958 1731 Varadiensis,

565 1772 1010 1833 inelitiatienem
1034 1768 1089 1854 ¹)
1126 1778 1189 1832 et
1222 1771 1537 1833 oraciones
1570 1771 1630 1833 in
1656 1769 1896 1833 domino
1930 1771 2204 1834 assiduas
2238 1790 2309 1833 ae
2342 1770 2616 1834 denotas,
2666 1769 2959 1852 Receptis

565 1880 785 1940 litteris
845 1880 1048 1941 uestre
1112 1877 1571 1958 magnitudinis,
1631 1897 1766 1942 eum
1827 1877 2122 1960 Nycolao,
2176 1876 2300 1940 tilio
2351 1877 2677 1941 Clementis
2721 1877 2958 1941 homine

565 1992 769 2048 uestro
805 1984 877 2044 ad
906 1983 1253 2048 statuendas
1284 1989 1482 2048 terras
1509 1984 1769 2049 tiliorum
1788 1985 2075 2069 Dyonysy
2091 1981 2151 2069 ²)
2186 1984 2419 2047 Fornos
2438 1981 2495 2069 ⁸)
2532 1989 2593 2047 et
2616 1983 2960 2068 Stylyteluk

569 2100 833 2160 remanes,
865 2096 925 2156 et
948 2097 1170 2154 terram
1196 2090 1542 2176 Mejhedey,
1578 2091 1942 2173 Zomordog,
1961 2095 2232 2155 vocatam
2256 2090 2493 2175 Myeola
2522 2091 2723 2154 comiti
2738 2089 2800 2175 ⁴)
2841 2089 2960 2153 tilio

577 2200 753 2284 Ff'lp,
801 2197 1041 2262 Paulum
1090 2199 1469 2263 sacerdotem
1517 2198 1594 2262 de
1627 2198 1838 2262 Kalata
1884 2202 2151 2261 nostrum
2199 2197 2469 2260 misimus
2508 2197 2810 2260 hominem
2857 2218 2964 2281 pro

565 2308 905 2368 testinis-nio
940 2305 1059 2370 tide
1095 2306 1361 2388 dignum,
1394 2306 1496 2389 qui
1528 2305 1776 2369 rediens
1809 2304 1986 2368 nobis
2019 2304 2243 2378 retulit,
2289 2304 2447 2390 quod
2496 2305 2803 2389 predictas
2836 2311 2963 2368 ter-

565 2436 685 2484 res,
725 2416 859 2476 aine
897 2413 1234 2496 preiudieio
1267 2413 1416 2478 iuris
1451 2412 1655 2488 alieni,
1694 2433 1808 2477 nee
1833 2433 1949 2476 non
1976 2412 2203 2498 absque
2229 2413 2426 2497 aliqua
2460 2413 2964 2482 contradictione,

565 2544 765 2588 eurem
801 2523 1228 2585 eemmetaneis
1271 2522 1683 2605 predictarum
1728 2527 2055 2594 terrarum,
2101 2521 2337 2605 Mycola
2372 2522 2575 2586 comiti
2605 2520 2729 2585 filio
2762 2522 2961 2606 Fylpi‚

565 2632 934 2693 statuissent.
999 2629 1144 2694 Item
1190 2630 1251 2693 in
1299 2636 1460 2694 terra
1505 2628 1741 2713 Myeola
1774 2631 2009 2694 comitis
2044 2650 2219 2693 unam
2250 2636 2467 2693 metam
2503 2650 2616 2713 per
2659 2634 2962 2693 araturam

561 2740 931 2800 destructam
974 2738 1371 2810 inuenissent,
1417 2759 1529 2822 per
1561 2737 1919 2820 iobagiones
1947 2738 2184 2822 Myeola
2225 2737 2348 2802 filio
2384 2736 2628 2802 Gereun
2648 2734 2728 2820 ⁵),
2774 2756 2962 2819 super

561 2868 673 2932 qua
709 2846 1058 2928 iet-:lgiones
1087 2846 1359 2927 ejusdem
1393 2851 1452 2911 et
1477 2848 1671 2930 ipsum
1707 2846 2136 2930 proibuissent.

1642 3049 1887 3119 LXXII.

1678 3169 1835 3223 1261.

745 3268 1086 3352 Stephanus
1119 3272 1233 3334 Dei
1275 3271 1470 3352 gratia
1513 3291 1652 3343 rex,
1691 3268 2124 3354 primogenitus
2158 3269 2407 3333 illustris
2451 3270 2617 3351 regis
2652 3269 2958 3352 Hungarie

569 3380 683 3444 dux
737 3378 1184 3442 Transilvanus.
1252 3378 1339 3441 Ad
1399 3379 1628 3461 regiam
1674 3378 1940 3461 pertinet
1985 3377 2353 3441 maiestatem
2402 3375 2688 3460 precibus
2734 3378 2961 3442 conde-

573 3488 869 3548 seendere
897 3485 1286 3558 subditorum,
1324 3489 1387 3549 ut
1413 3506 1695 3550 numerus
1721 3484 1984 3548 fidelium
2013 3488 2337 3566 augeatur,
2359 3490 2420 3548 et
2450 3485 2675 3566 regalis
2694 3488 2961 3568 potentia

569 3596 741 3656 latius
777 3594 1145 3667 extendatur,
1181 3614 1316 3658 cum
1348 3594 1514 3674 regis
1554 3593 1866 3676 proprium
1911 3593 2021 3663 sit,
2059 3594 2116 3656 in
2163 3592 2541 3656 multitudine
2573 3593 2784 3676 populi
2829 3593 2959 3674 glo—

565 3704 725 3764 riari.
781 3704 926 3765 Hinc
961 3708 1074 3774 est,
1109 3703 1269 3792 quod
1312 3702 1725 3766 universorum
1776 3701 2156 3783 presencium
2199 3706 2699 3785 posterorumque
2744 3702 2955 3764 notitie

565 3812 829 3872 velumus
885 3808 1015 3873 fieri
1057 3809 1462 3872 manifestum:
1527 3808 1686 3893 quod
1743 3808 2108 3871 accedentes
2157 3808 2229 3871 ad
2281 3813 2540 3872 nostram
2572 3808 2955 3890 presenciam

561 3916 833 4000 hespites
869 3916 942 3980 sle
973 3919 1223 3982 Desvar
1247 3916 1480 3980 litteras
1513 3915 1718 3999 Erney
1749 3915 1889 3979 bani
1921 3916 2215 4000 quondam
2264 3915 2707 3992 Transilvanie,
2774 3937 2956 4000 super

553 4080 630 4088 -—0=-—

837 4152 861 4200 ἑ

837 4252 849 4276 ι

877 4168 923 4196 νε
959 4154 1338 4200 incolumitatem.

853 4234 906 4276 sii
943 4237 1085 4280 Veres
1119 4237 1177 4280 de
1211 4239 1396 4282 Fan-nas.

633 4152 677 4212 ι]
717 4156 745 4196 F
797 4156 817 4208 j

625 4236 673 4292 Ε]
713 4236 845 4280 Brun*

629 4312 677 4372 Β]
709 4316 877 4360 Ferrum
912 4315 960 4358 et
993 4316 1281 4361 Szomordok
1315 4317 1373 4360 im
1408 4319 1561 4362 Klaus.
1600 4316 1765 4361 Comit.

629 4392 681 4452 ἦ]
717 4396 749 4436 Ε

633 4472 681 4532 *j*
717 4476 749 4520 ,Ε

761 4168 785 4196 e

753 4408 781 4436 1
813 4395 983 4440 familia
1015 4395 1201 4441 Mikola.

757 4488 869 4528 feru

3101 4792 3128 5063 μᾳᾈᾼμ
3126 4752 3128 4762 ,
3126 4667 3128 4736 „mm
