<?xml version="1.0" encoding="UTF-8"?>
<!DOCTYPE html PUBLIC "-//W3C//DTD XHTML 1.0 Transitional//EN"
    "http://www.w3.org/TR/xhtml1/DTD/xhtml1-transitional.dtd">
<html xmlns="http://www.w3.org/1999/xhtml" xml:lang="en" lang="en">
 <head>
  <title>
</title>
<meta http-equiv="Content-Type" content="text/html;charset=utf-8" />
  <meta name='ocr-system' content='tesseract 3.04.00' />
  <meta name='ocr-capabilities' content='ocr_page ocr_carea ocr_par ocr_line ocrx_word'/>
</head>
<body>
  <div class='ocr_page' id='page_1' title='image "./fontesrerumaust26kommgoog_0171.png"; bbox 0 0 3150 5092; ppageno 0'>
   <div class='ocr_carea' id='block_1_1' title="bbox 1249 348 1300 421">
    <p class='ocr_par' dir='ltr' id='par_1_1' title="bbox 1249 348 1300 421">
     <span class='ocr_line' id='line_1_1' title="bbox 1249 348 1300 421; baseline 0 0"><span class='ocrx_word' id='word_1_1' title='bbox 1249 348 1300 421; x_wconf 76' lang='lat'><strong>77</strong></span> 
     </span>
    </p>
   </div>
   <div class='ocr_carea' id='block_1_2' title="bbox 102 522 1301 611">
    <p class='ocr_par' dir='ltr' id='par_1_2' title="bbox 12 487 1301 626">
     <span class='ocr_line' id='line_1_2' title="bbox 102 522 1301 611; baseline -0.004 -18.349"><span class='ocrx_word' id='word_1_2' title='bbox 102 529 220 611; x_wconf 91' lang='lat' dir='ltr'><strong>penitus</strong></span> <span class='ocrx_word' id='word_1_3' title='bbox 237 530 270 591; x_wconf 86' lang='lat' dir='ltr'><strong>et</strong></span> <span class='ocrx_word' id='word_1_4' title='bbox 286 524 469 598; x_wconf 89' lang='lat' dir='ltr'><strong>combustis,</strong></span> <span class='ocrx_word' id='word_1_5' title='bbox 490 523 707 610; x_wconf 76' lang='lat' dir='ltr'><strong>monachisque</strong></span> <span class='ocrx_word' id='word_1_6' title='bbox 724 524 786 589; x_wconf 90' lang='lat' dir='ltr'><strong>suis</strong></span> <span class='ocrx_word' id='word_1_7' title='bbox 802 522 940 607; x_wconf 78' lang='lat' dir='ltr'><strong>plurimis</strong></span> <span class='ocrx_word' id='word_1_8' title='bbox 956 524 1133 589; x_wconf 75' lang='lat' dir='ltr'><strong>intereuntis.</strong></span> <span class='ocrx_word' id='word_1_9' title='bbox 1157 524 1301 590; x_wconf 90' lang='lat' dir='ltr'><strong>Volentes</strong></span> 
     </span>
    </p>
   </div>
   <div class='ocr_carea' id='block_1_3' title="bbox 12 631 1302 719">
    <p class='ocr_par' dir='ltr' id='par_1_3' title="bbox 12 631 1302 719">
     <span class='ocr_line' id='line_1_3' title="bbox 12 631 1302 719; baseline -0.003 -20"><span class='ocrx_word' id='word_1_10' title='bbox 12 639 14 708; x_wconf 78' lang='grc' dir='ltr'><strong>Ῐ</strong></span> <span class='ocrx_word' id='word_1_11' title='bbox 102 637 193 719; x_wconf 85' lang='lat' dir='ltr'><strong>igitur</strong></span> <span class='ocrx_word' id='word_1_12' title='bbox 204 657 261 700; x_wconf 91' lang='lat' dir='ltr'><strong>uos</strong></span> <span class='ocrx_word' id='word_1_13' title='bbox 275 655 349 698; x_wconf 83' lang='lat' dir='ltr'><strong>vera</strong></span> <span class='ocrx_word' id='word_1_14' title='bbox 362 634 435 698; x_wconf 85' lang='lat' dir='ltr'><strong>lesu</strong></span> <span class='ocrx_word' id='word_1_15' title='bbox 449 633 565 700; x_wconf 81' lang='lat' dir='ltr'><strong>curisti</strong></span> <span class='ocrx_word' id='word_1_16' title='bbox 577 632 704 714; x_wconf 81' lang='lat' dir='ltr'><strong>vestigia</strong></span> <span class='ocrx_word' id='word_1_17' title='bbox 718 633 837 703; x_wconf 91' lang='lat' dir='ltr'><strong>imitari,</strong></span> <span class='ocrx_word' id='word_1_18' title='bbox 852 631 1014 697; x_wconf 84' lang='lat' dir='ltr'><strong>ecclesiam</strong></span> <span class='ocrx_word' id='word_1_19' title='bbox 1027 631 1302 710; x_wconf 80' lang='lat' dir='ltr'><strong>Colosmonostura,</strong></span> 
     </span>
    </p>
   </div>
   <div class='ocr_carea' id='block_1_4' title="bbox 12 739 1303 1258">
    <p class='ocr_par' dir='ltr' id='par_1_4' title="bbox 12 739 1303 1258">
     <span class='ocr_line' id='line_1_4' title="bbox 12 739 1302 829; baseline -0.002 -23"><span class='ocrx_word' id='word_1_20' title='bbox 12 761 13 826; x_wconf 79' lang='lat'><em>}</em></span> <span class='ocrx_word' id='word_1_21' title='bbox 101 744 195 829; x_wconf 89' lang='lat' dir='ltr'><strong>ipsius</strong></span> <span class='ocrx_word' id='word_1_22' title='bbox 217 743 367 825; x_wconf 83' lang='lat' dir='ltr'><strong>sangvine</strong></span> <span class='ocrx_word' id='word_1_23' title='bbox 388 741 568 813; x_wconf 87' lang='lat' dir='ltr'><strong>dedicatam,</strong></span> <span class='ocrx_word' id='word_1_24' title='bbox 591 739 758 825; x_wconf 78' lang='lat' dir='ltr'><strong>deperditis</strong></span> <span class='ocrx_word' id='word_1_25' title='bbox 780 745 954 804; x_wconf 89' lang='lat' dir='ltr'><strong>restaurare</strong></span> <span class='ocrx_word' id='word_1_26' title='bbox 975 742 1040 804; x_wconf 90' lang='lat' dir='ltr'><strong>suis</strong></span> <span class='ocrx_word' id='word_1_27' title='bbox 1057 741 1302 825; x_wconf 76' lang='lat' dir='ltr'><strong>possessionibus</strong></span> 
     </span>
     <span class='ocr_line' id='line_1_5' title="bbox 104 848 1301 930; baseline -0.003 -14"><span class='ocrx_word' id='word_1_28' title='bbox 104 851 295 916; x_wconf 79' lang='lat' dir='ltr'><strong>libertatibus</strong></span> <span class='ocrx_word' id='word_1_29' title='bbox 323 872 358 914; x_wconf 89' lang='lat' dir='ltr'><strong>ac</strong></span> <span class='ocrx_word' id='word_1_30' title='bbox 380 848 501 915; x_wconf 90' lang='lat' dir='ltr'><strong>tributis</strong></span> <span class='ocrx_word' id='word_1_31' title='bbox 529 851 673 913; x_wconf 79' lang='lat' dir='ltr'><strong>emanatio</strong></span> <span class='ocrx_word' id='word_1_32' title='bbox 695 883 740 894; x_wconf 92' lang='lat'><strong>—-</strong></span> <span class='ocrx_word' id='word_1_33' title='bbox 755 848 961 930; x_wconf 87' lang='lat' dir='ltr'><strong>-pristinis</strong></span> <span class='ocrx_word' id='word_1_34' title='bbox 988 849 1215 922; x_wconf 84' lang='lat' dir='ltr'><strong>controversiis,</strong></span> <span class='ocrx_word' id='word_1_35' title='bbox 1243 849 1301 912; x_wconf 90' lang='lat' dir='ltr'><strong>sub</strong></span> 
     </span>
     <span class='ocr_line' id='line_1_6' title="bbox 104 954 1303 1040; baseline 0 -19"><span class='ocrx_word' id='word_1_36' title='bbox 104 959 268 1024; x_wconf 90' lang='lat' dir='ltr'><strong>munimine</strong></span> <span class='ocrx_word' id='word_1_37' title='bbox 297 958 388 1040; x_wconf 84' lang='lat' dir='ltr'><strong>sigilli</strong></span> <span class='ocrx_word' id='word_1_38' title='bbox 415 959 510 1022; x_wconf 85' lang='lat' dir='ltr'><strong>nostri</strong></span> <span class='ocrx_word' id='word_1_39' title='bbox 538 956 720 1027; x_wconf 74' lang='lat' dir='ltr'><strong>authentici3</strong></span> <span class='ocrx_word' id='word_1_40' title='bbox 748 973 823 1038; x_wconf 87' lang='lat' dir='ltr'><strong>quas</strong></span> <span class='ocrx_word' id='word_1_41' title='bbox 844 955 1057 1037; x_wconf 89' lang='lat' dir='ltr'><strong>possessiones</strong></span> <span class='ocrx_word' id='word_1_42' title='bbox 1080 954 1244 1022; x_wconf 84' lang='lat' dir='ltr'><strong>abbatiales</strong></span> <span class='ocrx_word' id='word_1_43' title='bbox 1272 962 1303 1021; x_wconf 87' lang='lat' dir='ltr'><strong>et</strong></span> 
     </span>
     <span class='ocr_line' id='line_1_7' title="bbox 102 1060 1303 1148; baseline 0 -19"><span class='ocrx_word' id='word_1_44' title='bbox 102 1065 262 1130; x_wconf 77' lang='lat' dir='ltr'><strong>libertates</strong></span> <span class='ocrx_word' id='word_1_45' title='bbox 278 1067 505 1148; x_wconf 88' lang='lat' dir='ltr'><strong>possessionum</strong></span> <span class='ocrx_word' id='word_1_46' title='bbox 521 1064 728 1135; x_wconf 90' lang='lat' dir='ltr'><strong>abbatialium,</strong></span> <span class='ocrx_word' id='word_1_47' title='bbox 752 1081 810 1125; x_wconf 90' lang='lat' dir='ltr'><strong>nec</strong></span> <span class='ocrx_word' id='word_1_48' title='bbox 831 1080 889 1124; x_wconf 91' lang='lat' dir='ltr'><strong>uon</strong></span> <span class='ocrx_word' id='word_1_49' title='bbox 904 1060 1096 1136; x_wconf 89' lang='lat' dir='ltr'><strong>tributorum,</strong></span> <span class='ocrx_word' id='word_1_50' title='bbox 1120 1064 1254 1129; x_wconf 88' lang='lat' dir='ltr'><strong>villarum</strong></span> <span class='ocrx_word' id='word_1_51' title='bbox 1271 1070 1303 1128; x_wconf 86' lang='lat' dir='ltr'><strong>et</strong></span> 
     </span>
     <span class='ocr_line' id='line_1_8' title="bbox 102 1172 1301 1258; baseline -0.002 -20"><span class='ocrx_word' id='word_1_52' title='bbox 102 1173 297 1258; x_wconf 85' lang='lat' dir='ltr'><strong>oppidorum,</strong></span> <span class='ocrx_word' id='word_1_53' title='bbox 324 1176 354 1238; x_wconf 93' lang='lat' dir='ltr'><strong>in</strong></span> <span class='ocrx_word' id='word_1_54' title='bbox 377 1180 549 1258; x_wconf 88' lang='lat' dir='ltr'><strong>presentem</strong></span> <span class='ocrx_word' id='word_1_55' title='bbox 572 1172 706 1236; x_wconf 83' lang='lat' dir='ltr'><strong>chartam</strong></span> <span class='ocrx_word' id='word_1_56' title='bbox 732 1174 864 1232; x_wconf 84' lang='lat' dir='ltr'><strong>nostrum</strong></span> <span class='ocrx_word' id='word_1_57' title='bbox 888 1189 925 1232; x_wconf 83' lang='lat' dir='ltr'><strong>ex</strong></span> <span class='ocrx_word' id='word_1_58' title='bbox 945 1175 1029 1234; x_wconf 89' lang='lat' dir='ltr'><strong>certa</strong></span> <span class='ocrx_word' id='word_1_59' title='bbox 1050 1177 1153 1236; x_wconf 90' lang='lat' dir='ltr'><strong>nostra</strong></span> <span class='ocrx_word' id='word_1_60' title='bbox 1175 1173 1301 1238; x_wconf 87' lang='lat' dir='ltr'><strong>scientia</strong></span> 
     </span>
    </p>
   </div>
   <div class='ocr_carea' id='block_1_5' title="bbox 11 1277 1303 1354">
    <p class='ocr_par' dir='ltr' id='par_1_5' title="bbox 11 1277 1303 1354">
     <span class='ocr_line' id='line_1_9' title="bbox 11 1277 1303 1354; baseline -0.004 -5"><span class='ocrx_word' id='word_1_61' title='bbox 11 1295 12 1326; x_wconf 81' lang='lat'>³</span> <span class='ocrx_word' id='word_1_62' title='bbox 107 1285 203 1349; x_wconf 89' lang='lat' dir='ltr'><strong>inseri</strong></span> <span class='ocrx_word' id='word_1_63' title='bbox 219 1283 379 1354; x_wconf 90' lang='lat' dir='ltr'><strong>faciendo,</strong></span> <span class='ocrx_word' id='word_1_64' title='bbox 405 1283 599 1354; x_wconf 90' lang='lat' dir='ltr'><strong>communiri,</strong></span> <span class='ocrx_word' id='word_1_65' title='bbox 622 1300 659 1343; x_wconf 90' lang='lat' dir='ltr'><strong>ne</strong></span> <span class='ocrx_word' id='word_1_66' title='bbox 684 1278 723 1343; x_wconf 90' lang='lat' dir='ltr'><strong>de</strong></span> <span class='ocrx_word' id='word_1_67' title='bbox 746 1278 890 1342; x_wconf 88' lang='lat' dir='ltr'><strong>memoria</strong></span> <span class='ocrx_word' id='word_1_68' title='bbox 913 1277 1065 1342; x_wconf 90' lang='lat' dir='ltr'><strong>bominum</strong></span> <span class='ocrx_word' id='word_1_69' title='bbox 1091 1278 1244 1352; x_wconf 88' lang='lat' dir='ltr'><strong>elabatur,</strong></span> <span class='ocrx_word' id='word_1_70' title='bbox 1272 1286 1303 1344; x_wconf 89' lang='lat' dir='ltr'><strong>et</strong></span> 
     </span>
    </p>
   </div>
   <div class='ocr_carea' id='block_1_6' title="bbox 11 1384 1304 2229">
    <p class='ocr_par' dir='ltr' id='par_1_6' title="bbox 11 1384 1304 2229">
     <span class='ocr_line' id='line_1_10' title="bbox 102 1384 1300 1478; baseline -0.003 -22"><span class='ocrx_word' id='word_1_71' title='bbox 102 1394 164 1478; x_wconf 81' lang='lat' dir='ltr'><strong>ipse</strong></span> <span class='ocrx_word' id='word_1_72' title='bbox 185 1391 319 1456; x_wconf 88' lang='lat' dir='ltr'><strong>ecclesia</strong></span> <span class='ocrx_word' id='word_1_73' title='bbox 336 1388 603 1454; x_wconf 78' lang='lat' dir='ltr'><strong>Colosmonostura</strong></span> <span class='ocrx_word' id='word_1_74' title='bbox 615 1387 686 1469; x_wconf 87' lang='lat' dir='ltr'><strong>jure</strong></span> <span class='ocrx_word' id='word_1_75' title='bbox 703 1405 756 1450; x_wconf 92' lang='lat' dir='ltr'><strong>suo</strong></span> <span class='ocrx_word' id='word_1_76' title='bbox 773 1384 988 1458; x_wconf 86' lang='lat' dir='ltr'><strong>defraudetur,</strong></span> <span class='ocrx_word' id='word_1_77' title='bbox 1006 1391 1038 1450; x_wconf 89' lang='lat' dir='ltr'><strong>et</strong></span> <span class='ocrx_word' id='word_1_78' title='bbox 1053 1390 1136 1450; x_wconf 85' lang='lat' dir='ltr'><strong>tante</strong></span> <span class='ocrx_word' id='word_1_79' title='bbox 1151 1386 1300 1452; x_wconf 85' lang='lat' dir='ltr'><strong>libertatis</strong></span> 
     </span>
     <span class='ocr_line' id='line_1_11' title="bbox 11 1492 1302 1583; baseline -0.004 -18"><span class='ocrx_word' id='word_1_80' title='bbox 11 1505 12 1510; x_wconf 75' lang='grc'>’</span> <span class='ocrx_word' id='word_1_81' title='bbox 104 1507 260 1574; x_wconf 80' lang='lat' dir='ltr'><strong>venustas,</strong></span> <span class='ocrx_word' id='word_1_82' title='bbox 289 1519 344 1583; x_wconf 87' lang='lat' dir='ltr'><strong>per</strong></span> <span class='ocrx_word' id='word_1_83' title='bbox 372 1503 493 1561; x_wconf 83' lang='lat' dir='ltr'><strong>sanctos</strong></span> <span class='ocrx_word' id='word_1_84' title='bbox 520 1515 614 1578; x_wconf 85' lang='lat' dir='ltr'><strong>reges</strong></span> <span class='ocrx_word' id='word_1_85' title='bbox 642 1514 801 1565; x_wconf 88' lang='lat' dir='ltr'><strong>concessa,</strong></span> <span class='ocrx_word' id='word_1_86' title='bbox 828 1513 885 1576; x_wconf 86' lang='lat' dir='ltr'><strong>per</strong></span> <span class='ocrx_word' id='word_1_87' title='bbox 906 1492 1041 1575; x_wconf 88' lang='lat' dir='ltr'><strong>perddos</strong></span> <span class='ocrx_word' id='word_1_88' title='bbox 1063 1494 1095 1556; x_wconf 87' lang='lat' dir='ltr'><strong>in</strong></span> <span class='ocrx_word' id='word_1_89' title='bbox 1113 1493 1230 1577; x_wconf 87' lang='lat' dir='ltr'><strong>judicio</strong></span> <span class='ocrx_word' id='word_1_90' title='bbox 1247 1496 1302 1561; x_wconf 90' lang='lat' dir='ltr'><strong>ali·</strong></span> 
     </span>
     <span class='ocr_line' id='line_1_12' title="bbox 104 1600 1303 1694; baseline -0.005 -21"><span class='ocrx_word' id='word_1_91' title='bbox 104 1608 223 1694; x_wconf 84' lang='lat' dir='ltr'><strong>quondo</strong></span> <span class='ocrx_word' id='word_1_92' title='bbox 240 1606 425 1671; x_wconf 79' lang='lat' dir='ltr'><strong>successivis</strong></span> <span class='ocrx_word' id='word_1_93' title='bbox 441 1602 627 1689; x_wconf 89' lang='lat' dir='ltr'><strong>temporibus</strong></span> <span class='ocrx_word' id='word_1_94' title='bbox 644 1603 850 1672; x_wconf 74' lang='lat' dir='ltr'><strong>deformetur:</strong></span> <span class='ocrx_word' id='word_1_95' title='bbox 865 1600 1002 1665; x_wconf 76' lang='lat' dir='ltr'><strong>volumus</strong></span> <span class='ocrx_word' id='word_1_96' title='bbox 1018 1602 1118 1674; x_wconf 84' lang='lat' dir='ltr'><strong>etiam,</strong></span> <span class='ocrx_word' id='word_1_97' title='bbox 1135 1609 1168 1667; x_wconf 90' lang='lat' dir='ltr'><strong>ut</strong></span> <span class='ocrx_word' id='word_1_98' title='bbox 1184 1606 1303 1667; x_wconf 89' lang='lat' dir='ltr'><strong>nomina</strong></span> 
     </span>
     <span class='ocr_line' id='line_1_13' title="bbox 104 1707 1303 1802; baseline -0.004 -20"><span class='ocrx_word' id='word_1_99' title='bbox 104 1717 335 1802; x_wconf 88' lang='lat' dir='ltr'><strong>possessionum</strong></span> <span class='ocrx_word' id='word_1_100' title='bbox 363 1712 554 1777; x_wconf 87' lang='lat' dir='ltr'><strong>abbatialium</strong></span> <span class='ocrx_word' id='word_1_101' title='bbox 580 1707 826 1779; x_wconf 67' lang='lat' dir='ltr'><strong>conscribentem</strong></span> <span class='ocrx_word' id='word_1_102' title='bbox 843 1713 875 1771; x_wconf 90' lang='lat' dir='ltr'><strong>et</strong></span> <span class='ocrx_word' id='word_1_103' title='bbox 901 1708 1019 1773; x_wconf 86' lang='lat' dir='ltr'><strong>demum</strong></span> <span class='ocrx_word' id='word_1_104' title='bbox 1040 1707 1197 1774; x_wconf 87' lang='lat' dir='ltr'><strong>libertates</strong></span> <span class='ocrx_word' id='word_1_105' title='bbox 1219 1711 1303 1777; x_wconf 87' lang='lat' dir='ltr'><strong>inse·</strong></span> 
     </span>
     <span class='ocr_line' id='line_1_14' title="bbox 11 1815 1303 1906; baseline -0.005 -18"><span class='ocrx_word' id='word_1_106' title='bbox 11 1859 12 1868; x_wconf 24' lang='grc' dir='ltr'><strong>κ</strong></span> <span class='ocrx_word' id='word_1_107' title='bbox 104 1829 219 1896; x_wconf 86' lang='lat' dir='ltr'><strong>rentur,</strong></span> <span class='ocrx_word' id='word_1_108' title='bbox 226 1829 260 1886; x_wconf 92' lang='lat' dir='ltr'><strong>ut</strong></span> <span class='ocrx_word' id='word_1_109' title='bbox 271 1841 420 1906; x_wconf 88' lang='lat' dir='ltr'><strong>processu</strong></span> <span class='ocrx_word' id='word_1_110' title='bbox 432 1821 578 1905; x_wconf 89' lang='lat' dir='ltr'><strong>temporis</strong></span> <span class='ocrx_word' id='word_1_111' title='bbox 589 1819 622 1882; x_wconf 91' lang='lat' dir='ltr'><strong>in</strong></span> <span class='ocrx_word' id='word_1_112' title='bbox 635 1819 698 1883; x_wconf 85' lang='lat' dir='ltr'><strong>suis</strong></span> <span class='ocrx_word' id='word_1_113' title='bbox 710 1817 825 1880; x_wconf 86' lang='lat' dir='ltr'><strong>tenutis</strong></span> <span class='ocrx_word' id='word_1_114' title='bbox 835 1815 874 1879; x_wconf 92' lang='lat' dir='ltr'><strong>ab</strong></span> <span class='ocrx_word' id='word_1_115' title='bbox 885 1816 1129 1900; x_wconf 84' lang='lat' dir='ltr'><strong>impugnantibus</strong></span> <span class='ocrx_word' id='word_1_116' title='bbox 1140 1825 1172 1882; x_wconf 88' lang='lat' dir='ltr'><strong>et</strong></span> <span class='ocrx_word' id='word_1_117' title='bbox 1182 1819 1303 1901; x_wconf 90' lang='lat' dir='ltr'><strong>inquie-</strong></span> 
     </span>
     <span class='ocr_line' id='line_1_15' title="bbox 103 1923 1303 2010; baseline -0.007 -13.641"><span class='ocrx_word' id='word_1_118' title='bbox 103 1931 239 1996; x_wconf 89' lang='lat' dir='ltr'><strong>tantibus</strong></span> <span class='ocrx_word' id='word_1_119' title='bbox 256 1929 339 1994; x_wconf 85' lang='lat' dir='ltr'><strong>salva</strong></span> <span class='ocrx_word' id='word_1_120' title='bbox 356 1930 501 1994; x_wconf 89' lang='lat' dir='ltr'><strong>consistat</strong></span> <span class='ocrx_word' id='word_1_121' title='bbox 517 1927 668 1991; x_wconf 77' lang='lat' dir='ltr'><strong>libertate.</strong></span> <span class='ocrx_word' id='word_1_122' title='bbox 681 1923 806 1988; x_wconf 87' lang='lat' dir='ltr'><strong>Nomina</strong></span> <span class='ocrx_word' id='word_1_123' title='bbox 819 1930 918 1987; x_wconf 88' lang='lat' dir='ltr'><strong>autem</strong></span> <span class='ocrx_word' id='word_1_124' title='bbox 934 1926 1064 2008; x_wconf 88' lang='lat' dir='ltr'><strong>ipsarum</strong></span> <span class='ocrx_word' id='word_1_125' title='bbox 1079 1927 1303 2010; x_wconf 88' lang='lat' dir='ltr'><strong>possessionum</strong></span> 
     </span>
     <span class='ocr_line' id='line_1_16' title="bbox 11 2021 1304 2119; baseline -0.007 -15"><span class='ocrx_word' id='word_1_126' title='bbox 11 2021 13 2068; x_wconf 61' lang='lat' dir='ltr'><strong>t</strong></span> <span class='ocrx_word' id='word_1_127' title='bbox 105 2039 298 2104; x_wconf 83' lang='lat' dir='ltr'><strong>abbatialium</strong></span> <span class='ocrx_word' id='word_1_128' title='bbox 329 2038 389 2100; x_wconf 88' lang='lat' dir='ltr'><strong>bec</strong></span> <span class='ocrx_word' id='word_1_129' title='bbox 420 2041 505 2100; x_wconf 88' lang='lat' dir='ltr'><strong>sunt:</strong></span> <span class='ocrx_word' id='word_1_130' title='bbox 537 2035 633 2119; x_wconf 90' lang='lat' dir='ltr'><strong>prima</strong></span> <span class='ocrx_word' id='word_1_131' title='bbox 662 2031 806 2097; x_wconf 74' lang='lat' dir='ltr'><strong>videlicet</strong></span> <span class='ocrx_word' id='word_1_132' title='bbox 837 2031 907 2096; x_wconf 81' lang='lat' dir='ltr'><strong>villa</strong></span> <span class='ocrx_word' id='word_1_133' title='bbox 940 2031 996 2095; x_wconf 89' lang='lat' dir='ltr'><strong>sub</strong></span> <span class='ocrx_word' id='word_1_134' title='bbox 1029 2034 1096 2116; x_wconf 86' lang='lat' dir='ltr'><strong>ipso</strong></span> <span class='ocrx_word' id='word_1_135' title='bbox 1124 2035 1304 2097; x_wconf 84' lang='lat' dir='ltr'><strong>monasterio</strong></span> 
     </span>
     <span class='ocr_line' id='line_1_17' title="bbox 11 2137 1303 2229; baseline -0.006 -16"><span class='ocrx_word' id='word_1_136' title='bbox 11 2159 34 2212; x_wconf 55' lang='grc' dir='ltr'><strong>ζ.</strong></span> <span class='ocrx_word' id='word_1_137' title='bbox 105 2149 196 2213; x_wconf 85' lang='lat' dir='ltr'><strong>beate</strong></span> <span class='ocrx_word' id='word_1_138' title='bbox 210 2145 342 2229; x_wconf 74' lang='lat' dir='ltr'><strong>riaginis</strong></span> <span class='ocrx_word' id='word_1_139' title='bbox 358 2144 483 2215; x_wconf 70' lang='lat' dir='ltr'><strong>situatur</strong></span> <span class='ocrx_word' id='word_1_140' title='bbox 506 2179 550 2190; x_wconf 86' lang='lat'>-</span> <span class='ocrx_word' id='word_1_141' title='bbox 569 2177 609 2190; x_wconf 93' lang='lat'>-</span> <span class='ocrx_word' id='word_1_142' title='bbox 633 2138 743 2204; x_wconf 90' lang='lat' dir='ltr'><strong>deinde</strong></span> <span class='ocrx_word' id='word_1_143' title='bbox 762 2175 802 2188; x_wconf 92' lang='lat'><strong>·-</strong></span> <span class='ocrx_word' id='word_1_144' title='bbox 824 2139 854 2201; x_wconf 92' lang='lat' dir='ltr'><strong>in</strong></span> <span class='ocrx_word' id='word_1_145' title='bbox 878 2137 1015 2221; x_wconf 87' lang='lat' dir='ltr'><strong>partibus</strong></span> <span class='ocrx_word' id='word_1_146' title='bbox 1042 2140 1303 2213; x_wconf 81' lang='lat' dir='ltr'><strong>Transsilranicis,</strong></span> 
     </span>
    </p>
   </div>
   <div class='ocr_carea' id='block_1_7' title="bbox 11 2246 1305 2338">
    <p class='ocr_par' dir='ltr' id='par_1_7' title="bbox 11 2246 1305 2338">
     <span class='ocr_line' id='line_1_18' title="bbox 11 2246 1305 2338; baseline -0.006 -17"><span class='ocrx_word' id='word_1_147' title='bbox 11 2295 12 2338; x_wconf 77' lang='lat'>3</span> <span class='ocrx_word' id='word_1_148' title='bbox 106 2256 160 2320; x_wconf 91' lang='lat' dir='ltr'><strong>sub</strong></span> <span class='ocrx_word' id='word_1_149' title='bbox 177 2255 269 2318; x_wconf 89' lang='lat' dir='ltr'><strong>metis</strong></span> <span class='ocrx_word' id='word_1_150' title='bbox 286 2252 415 2336; x_wconf 89' lang='lat' dir='ltr'><strong>antiquis</strong></span> <span class='ocrx_word' id='word_1_151' title='bbox 431 2255 463 2316; x_wconf 87' lang='lat' dir='ltr'><strong>et</strong></span> <span class='ocrx_word' id='word_1_152' title='bbox 478 2250 614 2315; x_wconf 87' lang='lat' dir='ltr'><strong>terminis</strong></span> <span class='ocrx_word' id='word_1_153' title='bbox 631 2250 788 2329; x_wconf 79' lang='lat' dir='ltr'><strong>signorum</strong></span> <span class='ocrx_word' id='word_1_154' title='bbox 804 2250 835 2309; x_wconf 89' lang='lat' dir='ltr'><strong>et</strong></span> <span class='ocrx_word' id='word_1_155' title='bbox 849 2246 975 2310; x_wconf 88' lang='lat' dir='ltr'><strong>limitum</strong></span> <span class='ocrx_word' id='word_1_156' title='bbox 998 2247 1170 2313; x_wconf 81' lang='lat' dir='ltr'><strong>existentes.</strong></span> <span class='ocrx_word' id='word_1_157' title='bbox 1194 2248 1305 2313; x_wconf 81' lang='lat' dir='ltr'><strong>Liber-</strong></span> 
     </span>
    </p>
   </div>
   <div class='ocr_carea' id='block_1_8' title="bbox 10 2352 1311 4066">
    <p class='ocr_par' dir='ltr' id='par_1_8' title="bbox 10 2352 1311 4066">
     <span class='ocr_line' id='line_1_19' title="bbox 105 2352 1305 2443; baseline -0.006 -15"><span class='ocrx_word' id='word_1_158' title='bbox 105 2368 183 2428; x_wconf 85' lang='lat' dir='ltr'><strong>tates</strong></span> <span class='ocrx_word' id='word_1_159' title='bbox 201 2369 302 2427; x_wconf 90' lang='lat' dir='ltr'><strong>autem</strong></span> <span class='ocrx_word' id='word_1_160' title='bbox 319 2358 456 2443; x_wconf 86' lang='lat' dir='ltr'><strong>predicte</strong></span> <span class='ocrx_word' id='word_1_161' title='bbox 472 2356 617 2428; x_wconf 86' lang='lat' dir='ltr'><strong>ecclesie,</strong></span> <span class='ocrx_word' id='word_1_162' title='bbox 634 2375 689 2438; x_wconf 89' lang='lat' dir='ltr'><strong>per</strong></span> <span class='ocrx_word' id='word_1_163' title='bbox 705 2359 828 2420; x_wconf 90' lang='lat' dir='ltr'><strong>sanctos</strong></span> <span class='ocrx_word' id='word_1_164' title='bbox 844 2372 935 2434; x_wconf 79' lang='lat' dir='ltr'><strong>reges</strong></span> <span class='ocrx_word' id='word_1_165' title='bbox 950 2352 1130 2427; x_wconf 85' lang='lat' dir='ltr'><strong>condonate,</strong></span> <span class='ocrx_word' id='word_1_166' title='bbox 1146 2355 1204 2420; x_wconf 90' lang='lat' dir='ltr'><strong>hae</strong></span> <span class='ocrx_word' id='word_1_167' title='bbox 1220 2363 1305 2421; x_wconf 88' lang='lat' dir='ltr'><strong>sunt:</strong></span> 
     </span>
     <span class='ocr_line' id='line_1_20' title="bbox 10 2460 1306 2556; baseline -0.006 -19"><span class='ocrx_word' id='word_1_168' title='bbox 10 2519 12 2556; x_wconf 56' lang='lat'><em>3</em></span> <span class='ocrx_word' id='word_1_169' title='bbox 111 2470 338 2556; x_wconf 89' lang='lat' dir='ltr'><strong>prenominatus</strong></span> <span class='ocrx_word' id='word_1_170' title='bbox 355 2466 427 2530; x_wconf 81' lang='lat' dir='ltr'><strong>tiela</strong></span> <span class='ocrx_word' id='word_1_171' title='bbox 443 2486 507 2538; x_wconf 82' lang='lat' dir='ltr'><strong>rex,</strong></span> <span class='ocrx_word' id='word_1_172' title='bbox 530 2483 660 2549; x_wconf 84' lang='lat' dir='ltr'><strong>proavus</strong></span> <span class='ocrx_word' id='word_1_173' title='bbox 677 2468 789 2534; x_wconf 88' lang='lat' dir='ltr'><strong>noster,</strong></span> <span class='ocrx_word' id='word_1_174' title='bbox 813 2466 843 2526; x_wconf 88' lang='lat' dir='ltr'><strong>et</strong></span> <span class='ocrx_word' id='word_1_175' title='bbox 858 2460 1050 2526; x_wconf 87' lang='lat' dir='ltr'><strong>beatissimus</strong></span> <span class='ocrx_word' id='word_1_176' title='bbox 1074 2483 1126 2527; x_wconf 84' lang='lat' dir='ltr'><strong>rex</strong></span> <span class='ocrx_word' id='word_1_177' title='bbox 1147 2463 1306 2529; x_wconf 84' lang='lat' dir='ltr'><strong>Ladislaus</strong></span> 
     </span>
     <span class='ocr_line' id='line_1_21' title="bbox 109 2568 1307 2659; baseline -0.005 -15.534"><span class='ocrx_word' id='word_1_178' title='bbox 109 2586 141 2644; x_wconf 92' lang='lat' dir='ltr'><strong>et</strong></span> <span class='ocrx_word' id='word_1_179' title='bbox 157 2579 210 2643; x_wconf 91' lang='lat' dir='ltr'><strong>alii</strong></span> <span class='ocrx_word' id='word_1_180' title='bbox 226 2577 323 2641; x_wconf 89' lang='lat' dir='ltr'><strong>nostri</strong></span> <span class='ocrx_word' id='word_1_181' title='bbox 351 2573 578 2659; x_wconf 78' lang='lat' dir='ltr'><strong>progenitores,</strong></span> <span class='ocrx_word' id='word_1_182' title='bbox 605 2572 738 2635; x_wconf 89' lang='lat' dir='ltr'><strong>decimas</strong></span> <span class='ocrx_word' id='word_1_183' title='bbox 760 2569 890 2632; x_wconf 90' lang='lat' dir='ltr'><strong>omnium</strong></span> <span class='ocrx_word' id='word_1_184' title='bbox 911 2568 1112 2652; x_wconf 83' lang='lat' dir='ltr'><strong>predictorum</strong></span> <span class='ocrx_word' id='word_1_185' title='bbox 1135 2575 1307 2654; x_wconf 89' lang='lat' dir='ltr'><strong>possessio·</strong></span> 
     </span>
     <span class='ocr_line' id='line_1_22' title="bbox 111 2672 1308 2770; baseline -0.006 -20.622"><span class='ocrx_word' id='word_1_186' title='bbox 111 2708 178 2752; x_wconf 91' lang='lat' dir='ltr'><strong>num</strong></span> <span class='ocrx_word' id='word_1_187' title='bbox 196 2691 230 2750; x_wconf 85' lang='lat' dir='ltr'><strong>et</strong></span> <span class='ocrx_word' id='word_1_188' title='bbox 246 2684 423 2770; x_wconf 89' lang='lat' dir='ltr'><strong>oppidorum</strong></span> <span class='ocrx_word' id='word_1_189' title='bbox 439 2679 650 2744; x_wconf 84' lang='lat' dir='ltr'><strong>universaliter</strong></span> <span class='ocrx_word' id='word_1_190' title='bbox 662 2678 725 2760; x_wconf 88' lang='lat' dir='ltr'><strong>jam</strong></span> <span class='ocrx_word' id='word_1_191' title='bbox 741 2677 826 2742; x_wconf 91' lang='lat' dir='ltr'><strong>dicte</strong></span> <span class='ocrx_word' id='word_1_192' title='bbox 841 2672 973 2742; x_wconf 88' lang='lat' dir='ltr'><strong>ecclesie</strong></span> <span class='ocrx_word' id='word_1_193' title='bbox 985 2678 1175 2762; x_wconf 91' lang='lat' dir='ltr'><strong>applicarunt</strong></span> <span class='ocrx_word' id='word_1_194' title='bbox 1186 2685 1218 2742; x_wconf 88' lang='lat' dir='ltr'><strong>et</strong></span> <span class='ocrx_word' id='word_1_195' title='bbox 1233 2699 1308 2742; x_wconf 93' lang='lat' dir='ltr'><strong>con·</strong></span> 
     </span>
     <span class='ocr_line' id='line_1_23' title="bbox 10 2783 1309 2872; baseline -0.007 -12"><span class='ocrx_word' id='word_1_196' title='bbox 10 2789 12 2798; x_wconf 66' lang='lat'>&#39;</span> <span class='ocrx_word' id='word_1_197' title='bbox 112 2797 278 2864; x_wconf 91' lang='lat' dir='ltr'><strong>donarunt;</strong></span> <span class='ocrx_word' id='word_1_198' title='bbox 307 2791 426 2855; x_wconf 90' lang='lat' dir='ltr'><strong>demum</strong></span> <span class='ocrx_word' id='word_1_199' title='bbox 442 2794 474 2853; x_wconf 88' lang='lat' dir='ltr'><strong>et</strong></span> <span class='ocrx_word' id='word_1_200' title='bbox 491 2808 545 2852; x_wconf 89' lang='lat' dir='ltr'><strong>nos</strong></span> <span class='ocrx_word' id='word_1_201' title='bbox 562 2787 758 2872; x_wconf 90' lang='lat' dir='ltr'><strong>applicamus,</strong></span> <span class='ocrx_word' id='word_1_202' title='bbox 787 2791 820 2848; x_wconf 90' lang='lat' dir='ltr'><strong>et</strong></span> <span class='ocrx_word' id='word_1_203' title='bbox 846 2783 1048 2850; x_wconf 90' lang='lat' dir='ltr'><strong>condonamus</strong></span> <span class='ocrx_word' id='word_1_204' title='bbox 1071 2792 1220 2870; x_wconf 89' lang='lat' dir='ltr'><strong>perpetue</strong></span> <span class='ocrx_word' id='word_1_205' title='bbox 1243 2790 1309 2851; x_wconf 85' lang='lat' dir='ltr'><strong>exi-</strong></span> 
     </span>
     <span class='ocr_line' id='line_1_24' title="bbox 10 2893 1307 2988; baseline -0.006 -21"><span class='ocrx_word' id='word_1_206' title='bbox 10 2923 12 2946; x_wconf 67' lang='lat'><em>*</em></span> <span class='ocrx_word' id='word_1_207' title='bbox 113 2901 242 2988; x_wconf 82' lang='lat' dir='ltr'><strong>gendas.</strong></span> <span class='ocrx_word' id='word_1_208' title='bbox 266 2899 305 2962; x_wconf 85' lang='lat' dir='ltr'><strong>Et</strong></span> <span class='ocrx_word' id='word_1_209' title='bbox 321 2900 391 2984; x_wconf 88' lang='lat' dir='ltr'><strong>quia</strong></span> <span class='ocrx_word' id='word_1_210' title='bbox 405 2895 487 2982; x_wconf 85' lang='lat' dir='ltr'><strong>quod</strong></span> <span class='ocrx_word' id='word_1_211' title='bbox 502 2897 598 2959; x_wconf 89' lang='lat' dir='ltr'><strong>semel</strong></span> <span class='ocrx_word' id='word_1_212' title='bbox 617 2895 683 2958; x_wconf 90' lang='lat' dir='ltr'><strong>Deo</strong></span> <span class='ocrx_word' id='word_1_213' title='bbox 699 2894 871 2958; x_wconf 90' lang='lat' dir='ltr'><strong>dedicatum</strong></span> <span class='ocrx_word' id='word_1_214' title='bbox 888 2899 945 2966; x_wconf 87' lang='lat' dir='ltr'><strong>est,</strong></span> <span class='ocrx_word' id='word_1_215' title='bbox 969 2894 1095 2978; x_wconf 87' lang='lat' dir='ltr'><strong>amplius</strong></span> <span class='ocrx_word' id='word_1_216' title='bbox 1110 2893 1148 2956; x_wconf 88' lang='lat' dir='ltr'><strong>ad</strong></span> <span class='ocrx_word' id='word_1_217' title='bbox 1164 2894 1307 2977; x_wconf 80' lang='lat' dir='ltr'><strong>profanos</strong></span> 
     </span>
     <span class='ocr_line' id='line_1_25' title="bbox 112 3001 1307 3086; baseline -0.008 -9"><span class='ocrx_word' id='word_1_218' title='bbox 112 3032 188 3076; x_wconf 87' lang='lat' dir='ltr'><strong>usus</strong></span> <span class='ocrx_word' id='word_1_219' title='bbox 201 3029 261 3073; x_wconf 93' lang='lat' dir='ltr'><strong>non</strong></span> <span class='ocrx_word' id='word_1_220' title='bbox 279 3005 371 3071; x_wconf 87' lang='lat' dir='ltr'><strong>debet</strong></span> <span class='ocrx_word' id='word_1_221' title='bbox 396 3005 552 3075; x_wconf 87' lang='lat' dir='ltr'><strong>revocari;</strong></span> <span class='ocrx_word' id='word_1_222' title='bbox 575 3003 712 3068; x_wconf 85' lang='lat' dir='ltr'><strong>volumus</strong></span> <span class='ocrx_word' id='word_1_223' title='bbox 732 3009 764 3066; x_wconf 90' lang='lat' dir='ltr'><strong>et</strong></span> <span class='ocrx_word' id='word_1_224' title='bbox 786 3005 934 3086; x_wconf 87' lang='lat' dir='ltr'><strong>perpetua</strong></span> <span class='ocrx_word' id='word_1_225' title='bbox 958 3003 1114 3065; x_wconf 88' lang='lat' dir='ltr'><strong>sanctione</strong></span> <span class='ocrx_word' id='word_1_226' title='bbox 1129 3001 1307 3079; x_wconf 85' lang='lat' dir='ltr'><strong>stabilimus,</strong></span> 
     </span>
     <span class='ocr_line' id='line_1_26' title="bbox 113 3107 1306 3206; baseline -0.006 -22"><span class='ocrx_word' id='word_1_227' title='bbox 113 3119 195 3206; x_wconf 92' lang='lat' dir='ltr'><strong>quod</strong></span> <span class='ocrx_word' id='word_1_228' title='bbox 227 3114 369 3201; x_wconf 89' lang='lat' dir='ltr'><strong>predicte</strong></span> <span class='ocrx_word' id='word_1_229' title='bbox 397 3113 553 3177; x_wconf 87' lang='lat' dir='ltr'><strong>libertates</strong></span> <span class='ocrx_word' id='word_1_230' title='bbox 584 3112 615 3174; x_wconf 92' lang='lat' dir='ltr'><strong>in</strong></span> <span class='ocrx_word' id='word_1_231' title='bbox 645 3110 782 3175; x_wconf 89' lang='lat' dir='ltr'><strong>omnibus</strong></span> <span class='ocrx_word' id='word_1_232' title='bbox 807 3107 1049 3193; x_wconf 86' lang='lat' dir='ltr'><strong>possessionibus</strong></span> <span class='ocrx_word' id='word_1_233' title='bbox 1071 3112 1216 3192; x_wconf 89' lang='lat' dir='ltr'><strong>predictis</strong></span> <span class='ocrx_word' id='word_1_234' title='bbox 1238 3134 1306 3179; x_wconf 90' lang='lat' dir='ltr'><strong>cum</strong></span> 
     </span>
     <span class='ocr_line' id='line_1_27' title="bbox 117 3215 1309 3303; baseline -0.003 -13"><span class='ocrx_word' id='word_1_235' title='bbox 117 3226 257 3290; x_wconf 88' lang='lat' dir='ltr'><strong>omnibus</strong></span> <span class='ocrx_word' id='word_1_236' title='bbox 286 3222 466 3286; x_wconf 88' lang='lat' dir='ltr'><strong>utilitatibus</strong></span> <span class='ocrx_word' id='word_1_237' title='bbox 491 3224 523 3283; x_wconf 88' lang='lat' dir='ltr'><strong>et</strong></span> <span class='ocrx_word' id='word_1_238' title='bbox 549 3219 797 3303; x_wconf 87' lang='lat' dir='ltr'><strong>possessionariis</strong></span> <span class='ocrx_word' id='word_1_239' title='bbox 818 3215 937 3299; x_wconf 88' lang='lat' dir='ltr'><strong>juribus</strong></span> <span class='ocrx_word' id='word_1_240' title='bbox 961 3237 996 3281; x_wconf 90' lang='lat' dir='ltr'><strong>ac</strong></span> <span class='ocrx_word' id='word_1_241' title='bbox 1017 3216 1148 3292; x_wconf 90' lang='lat' dir='ltr'><strong>tributis,</strong></span> <span class='ocrx_word' id='word_1_242' title='bbox 1171 3221 1201 3283; x_wconf 89' lang='lat' dir='ltr'><strong>in</strong></span> <span class='ocrx_word' id='word_1_243' title='bbox 1218 3220 1309 3287; x_wconf 89' lang='lat' dir='ltr'><strong>dictis</strong></span> 
     </span>
     <span class='ocr_line' id='line_1_28' title="bbox 117 3326 1307 3410; baseline -0.005 -10"><span class='ocrx_word' id='word_1_244' title='bbox 117 3336 261 3401; x_wconf 85' lang='lat' dir='ltr'><strong>villis-</strong></span> <span class='ocrx_word' id='word_1_245' title='bbox 289 3367 333 3380; x_wconf 90' lang='lat'><em>-</em></span> <span class='ocrx_word' id='word_1_246' title='bbox 356 3349 439 3393; x_wconf 90' lang='lat' dir='ltr'><strong>more</strong></span> <span class='ocrx_word' id='word_1_247' title='bbox 461 3329 559 3400; x_wconf 92' lang='lat' dir='ltr'><strong>solito,</strong></span> <span class='ocrx_word' id='word_1_248' title='bbox 582 3326 662 3390; x_wconf 87' lang='lat' dir='ltr'><strong>sicut</strong></span> <span class='ocrx_word' id='word_1_249' title='bbox 692 3326 774 3407; x_wconf 85' lang='lat' dir='ltr'><strong>erigi</strong></span> <span class='ocrx_word' id='word_1_250' title='bbox 799 3330 1029 3398; x_wconf 76' lang='lat' dir='ltr'><strong>consueverunt,</strong></span> <span class='ocrx_word' id='word_1_251' title='bbox 1057 3326 1151 3391; x_wconf 80' lang='lat' dir='ltr'><strong>abbas</strong></span> <span class='ocrx_word' id='word_1_252' title='bbox 1171 3328 1307 3410; x_wconf 86' lang='lat' dir='ltr'><strong>ejusdem</strong></span> 
     </span>
     <span class='ocr_line' id='line_1_29' title="bbox 116 3433 1309 3519; baseline -0.005 -11"><span class='ocrx_word' id='word_1_253' title='bbox 116 3441 303 3511; x_wconf 88' lang='lat' dir='ltr'><strong>monasterii.</strong></span> <span class='ocrx_word' id='word_1_254' title='bbox 332 3459 412 3503; x_wconf 91' lang='lat' dir='ltr'><strong>nunc</strong></span> <span class='ocrx_word' id='word_1_255' title='bbox 439 3437 620 3502; x_wconf 85' lang='lat' dir='ltr'><strong>constitutus</strong></span> <span class='ocrx_word' id='word_1_256' title='bbox 648 3439 680 3498; x_wconf 90' lang='lat' dir='ltr'><strong>et</strong></span> <span class='ocrx_word' id='word_1_257' title='bbox 700 3434 876 3496; x_wconf 78' lang='lat' dir='ltr'><strong>infuturum</strong></span> <span class='ocrx_word' id='word_1_258' title='bbox 900 3433 1139 3508; x_wconf 88' lang='lat' dir='ltr'><strong>constituendus,</strong></span> <span class='ocrx_word' id='word_1_259' title='bbox 1154 3456 1211 3519; x_wconf 94' lang='lat' dir='ltr'><strong>pro</strong></span> <span class='ocrx_word' id='word_1_260' title='bbox 1228 3437 1309 3502; x_wconf 92' lang='lat' dir='ltr'><strong>dicto</strong></span> 
     </span>
     <span class='ocr_line' id='line_1_30' title="bbox 117 3540 1311 3628; baseline -0.005 -11"><span class='ocrx_word' id='word_1_261' title='bbox 117 3548 301 3616; x_wconf 88' lang='lat' dir='ltr'><strong>monasterio</strong></span> <span class='ocrx_word' id='word_1_262' title='bbox 329 3545 454 3610; x_wconf 87' lang='lat' dir='ltr'><strong>liberam</strong></span> <span class='ocrx_word' id='word_1_263' title='bbox 483 3543 623 3626; x_wconf 79' lang='lat' dir='ltr'><strong>exigendi</strong></span> <span class='ocrx_word' id='word_1_264' title='bbox 646 3541 757 3606; x_wconf 88' lang='lat' dir='ltr'><strong>babeat</strong></span> <span class='ocrx_word' id='word_1_265' title='bbox 773 3540 954 3613; x_wconf 78' lang='lat' dir='ltr'><strong>facultatem,</strong></span> <span class='ocrx_word' id='word_1_266' title='bbox 978 3544 1064 3623; x_wconf 82' lang='lat' dir='ltr'><strong>regni</strong></span> <span class='ocrx_word' id='word_1_267' title='bbox 1081 3543 1177 3608; x_wconf 89' lang='lat' dir='ltr'><strong>nostri</strong></span> <span class='ocrx_word' id='word_1_268' title='bbox 1192 3543 1263 3628; x_wconf 79' lang='lat' dir='ltr'><strong>lege</strong></span> <span class='ocrx_word' id='word_1_269' title='bbox 1279 3552 1311 3611; x_wconf 89' lang='lat' dir='ltr'><strong>et</strong></span> 
     </span>
     <span class='ocr_line' id='line_1_31' title="bbox 120 3649 1309 3738; baseline -0.004 -14"><span class='ocrx_word' id='word_1_270' title='bbox 120 3654 342 3725; x_wconf 75' lang='lat' dir='ltr'><strong>consuetudine</strong></span> <span class='ocrx_word' id='word_1_271' title='bbox 357 3655 544 3738; x_wconf 85' lang='lat' dir='ltr'><strong>requirente,</strong></span> <span class='ocrx_word' id='word_1_272' title='bbox 571 3651 602 3714; x_wconf 90' lang='lat' dir='ltr'><strong>in</strong></span> <span class='ocrx_word' id='word_1_273' title='bbox 618 3655 680 3714; x_wconf 90' lang='lat' dir='ltr'><strong>toto</strong></span> <span class='ocrx_word' id='word_1_274' title='bbox 697 3653 729 3712; x_wconf 89' lang='lat' dir='ltr'><strong>et</strong></span> <span class='ocrx_word' id='word_1_275' title='bbox 743 3649 874 3730; x_wconf 78' lang='lat' dir='ltr'><strong>integre,</strong></span> <span class='ocrx_word' id='word_1_276' title='bbox 902 3653 934 3712; x_wconf 90' lang='lat' dir='ltr'><strong>et</strong></span> <span class='ocrx_word' id='word_1_277' title='bbox 949 3650 978 3711; x_wconf 90' lang='lat' dir='ltr'><strong>in</strong></span> <span class='ocrx_word' id='word_1_278' title='bbox 993 3649 1126 3734; x_wconf 87' lang='lat' dir='ltr'><strong>qualibet</strong></span> <span class='ocrx_word' id='word_1_279' title='bbox 1148 3653 1194 3715; x_wconf 90' lang='lat' dir='ltr'><strong>sui</strong></span> <span class='ocrx_word' id='word_1_280' title='bbox 1212 3659 1309 3737; x_wconf 86' lang='lat' dir='ltr'><strong>parte,</strong></span> 
     </span>
     <span class='ocr_line' id='line_1_32' title="bbox 117 3756 1308 3849; baseline -0.004 -17"><span class='ocrx_word' id='word_1_281' title='bbox 117 3767 291 3832; x_wconf 84' lang='lat' dir='ltr'><strong>admodum</strong></span> <span class='ocrx_word' id='word_1_282' title='bbox 315 3759 440 3849; x_wconf 87' lang='lat' dir='ltr'><strong>(quem)</strong></span> <span class='ocrx_word' id='word_1_283' title='bbox 465 3759 560 3824; x_wconf 87' lang='lat' dir='ltr'><strong>sancti</strong></span> <span class='ocrx_word' id='word_1_284' title='bbox 582 3777 674 3840; x_wconf 84' lang='lat' dir='ltr'><strong>reges</strong></span> <span class='ocrx_word' id='word_1_285' title='bbox 706 3756 744 3820; x_wconf 94' lang='lat' dir='ltr'><strong>ob</strong></span> <span class='ocrx_word' id='word_1_286' title='bbox 772 3758 830 3820; x_wconf 89' lang='lat' dir='ltr'><strong>Dei</strong></span> <span class='ocrx_word' id='word_1_287' title='bbox 850 3759 1048 3822; x_wconf 81' lang='lat' dir='ltr'><strong>reverentiam</strong></span> <span class='ocrx_word' id='word_1_288' title='bbox 1076 3762 1108 3823; x_wconf 89' lang='lat' dir='ltr'><strong>et</strong></span> <span class='ocrx_word' id='word_1_289' title='bbox 1136 3762 1308 3826; x_wconf 87' lang='lat' dir='ltr'><strong>mercedem</strong></span> 
     </span>
     <span class='ocr_line' id='line_1_33' title="bbox 117 3864 1310 3957; baseline -0.003 -19"><span class='ocrx_word' id='word_1_290' title='bbox 117 3877 331 3957; x_wconf 88' lang='lat' dir='ltr'><strong>sempiternam</strong></span> <span class='ocrx_word' id='word_1_291' title='bbox 346 3870 571 3934; x_wconf 81' lang='lat' dir='ltr'><strong>ordinaverunt.</strong></span> <span class='ocrx_word' id='word_1_292' title='bbox 588 3903 631 3914; x_wconf 90' lang='grc'>-</span> <span class='ocrx_word' id='word_1_293' title='bbox 647 3901 691 3913; x_wconf 88' lang='lat'>-</span> <span class='ocrx_word' id='word_1_294' title='bbox 708 3864 815 3928; x_wconf 85' lang='lat' dir='ltr'><strong>batum</strong></span> <span class='ocrx_word' id='word_1_295' title='bbox 827 3865 911 3929; x_wconf 89' lang='lat' dir='ltr'><strong>Bude</strong></span> <span class='ocrx_word' id='word_1_296' title='bbox 925 3865 1003 3930; x_wconf 87' lang='lat' dir='ltr'><strong>feria</strong></span> <span class='ocrx_word' id='word_1_297' title='bbox 1020 3867 1164 3939; x_wconf 85' lang='lat' dir='ltr'><strong>secunda,</strong></span> <span class='ocrx_word' id='word_1_298' title='bbox 1176 3871 1310 3952; x_wconf 83' lang='lat' dir='ltr'><strong>proxima</strong></span> 
     </span>
     <span class='ocr_line' id='line_1_34' title="bbox 118 3971 991 4066; baseline -0.011 -21"><span class='ocrx_word' id='word_1_299' title='bbox 118 3987 187 4066; x_wconf 88' lang='lat' dir='ltr'><strong>pest</strong></span> <span class='ocrx_word' id='word_1_300' title='bbox 203 3978 385 4042; x_wconf 90' lang='lat' dir='ltr'><strong>dominicam</strong></span> <span class='ocrx_word' id='word_1_301' title='bbox 400 3974 559 4041; x_wconf 80' lang='lat' dir='ltr'><strong>invocavit.</strong></span> <span class='ocrx_word' id='word_1_302' title='bbox 584 3975 667 4038; x_wconf 79' lang='lat' dir='ltr'><strong>Anno</strong></span> <span class='ocrx_word' id='word_1_303' title='bbox 683 3971 794 4035; x_wconf 90' lang='lat' dir='ltr'><strong>domini</strong></span> <span class='ocrx_word' id='word_1_304' title='bbox 810 3971 991 4035; x_wconf 81' lang='lat' dir='ltr'><strong>blCCLlllll.</strong></span> 
     </span>
    </p>
   </div>
   <div class='ocr_carea' id='block_1_9' title="bbox 646 4177 783 4351">
    <p class='ocr_par' dir='ltr' id='par_1_9' title="bbox 646 4177 783 4351">
     <span class='ocr_line' id='line_1_35' title="bbox 646 4177 783 4248; baseline 0 -2"><span class='ocrx_word' id='word_1_305' title='bbox 646 4177 783 4248; x_wconf 74' lang='lat' dir='ltr'><strong>nmtvr.</strong></span> 
     </span>
     <span class='ocr_line' id='line_1_36' title="bbox 674 4295 753 4351; baseline 0 -1"><span class='ocrx_word' id='word_1_306' title='bbox 674 4295 753 4351; x_wconf 83' lang='lat' dir='ltr'><strong>raes,</strong></span> 
     </span>
    </p>
   </div>
   <div class='ocr_carea' id='block_1_10' title="bbox 211 4403 1309 4494">
    <p class='ocr_par' dir='ltr' id='par_1_10' title="bbox 211 4403 1309 4494">
     <span class='ocr_line' id='line_1_37' title="bbox 211 4403 1309 4494; baseline -0.005 -19"><span class='ocrx_word' id='word_1_307' title='bbox 211 4409 396 4494; x_wconf 77' lang='lat' dir='ltr'><strong>Stephanus,</strong></span> <span class='ocrx_word' id='word_1_308' title='bbox 420 4406 477 4470; x_wconf 85' lang='lat' dir='ltr'><strong>Dei</strong></span> <span class='ocrx_word' id='word_1_309' title='bbox 497 4406 600 4488; x_wconf 79' lang='lat' dir='ltr'><strong>gracia</strong></span> <span class='ocrx_word' id='word_1_310' title='bbox 619 4405 721 4487; x_wconf 85' lang='lat' dir='ltr'><strong>junior</strong></span> <span class='ocrx_word' id='word_1_311' title='bbox 742 4425 796 4468; x_wconf 81' lang='lat' dir='ltr'><strong>rex</strong></span> <span class='ocrx_word' id='word_1_312' title='bbox 819 4405 983 4484; x_wconf 80' lang='lat' dir='ltr'><strong>llungurie,</strong></span> <span class='ocrx_word' id='word_1_313' title='bbox 1000 4405 1059 4470; x_wconf 85' lang='lat' dir='ltr'><strong>dux</strong></span> <span class='ocrx_word' id='word_1_314' title='bbox 1073 4403 1309 4489; x_wconf 79' lang='lat' dir='ltr'><strong>Trensyluanus,</strong></span> 
     </span>
    </p>
   </div>
   <div class='ocr_carea' id='block_1_11' title="bbox 121 4512 1424 4596">
    <p class='ocr_par' dir='ltr' id='par_1_11' title="bbox 121 4512 1424 4596">
     <span class='ocr_line' id='line_1_38' title="bbox 121 4512 1424 4596; baseline -0.011 -13"><span class='ocrx_word' id='word_1_315' title='bbox 121 4521 257 4583; x_wconf 90' lang='lat' dir='ltr'><strong>dominus</strong></span> <span class='ocrx_word' id='word_1_316' title='bbox 285 4517 500 4585; x_wconf 78' lang='lat' dir='ltr'><strong>Cumanorum,</strong></span> <span class='ocrx_word' id='word_1_317' title='bbox 527 4515 664 4579; x_wconf 90' lang='lat' dir='ltr'><strong>omnibus</strong></span> <span class='ocrx_word' id='word_1_318' title='bbox 688 4512 801 4576; x_wconf 83' lang='lat' dir='ltr'><strong>Christi</strong></span> <span class='ocrx_word' id='word_1_319' title='bbox 821 4512 960 4576; x_wconf 82' lang='lat' dir='ltr'><strong>fidelibus</strong></span> <span class='ocrx_word' id='word_1_320' title='bbox 983 4515 1154 4596; x_wconf 85' lang='lat' dir='ltr'><strong>presentem</strong></span> <span class='ocrx_word' id='word_1_321' title='bbox 1169 4512 1309 4595; x_wconf 76' lang='lat' dir='ltr'><strong>paginam</strong></span> <span class='ocrx_word' id='word_1_322' title='bbox 1420 4558 1424 4562; x_wconf 92' lang='lat'><em>.</em></span> 
     </span>
    </p>
   </div>
   <div class='ocr_carea' id='block_1_12' title="bbox 0 0 1590 5092">
    <p class='ocr_par' dir='ltr' id='par_1_12' title="bbox 0 0 1590 5092">
     <span class='ocr_line' id='line_1_39' title="bbox 0 0 1590 5092; baseline 0 0"><span class='ocrx_word' id='word_1_323' title='bbox 0 0 1590 5092; x_wconf 95' lang='lat' dir='ltr'><strong> </strong></span> 
     </span>
    </p>
   </div>
  </div>
 </body>
</html>
