3150 5092
333 334 406 407 198

328 510 539 595 Zagrabiensi.
557 510 706 594 Gregorio
719 514 858 583 cantore,
871 508 962 573 Paulo
977 507 1122 580 custode,
1144 507 1263 573 Andrea
1279 506 1393 571 decano
1407 506 1501 575 cocle-

328 620 373 684 sie
404 626 506 687 nostre
533 618 740 684 existentibus.
764 620 849 683 luno
876 616 987 681 domini
1013 617 1169 681 millesimo
1189 616 1392 682 ducentesimo
1414 636 1502 681 oona·
1550 697 1551 702 ἵ

328 730 446 813 gesimo
462 734 556 793 sexto.

877 910 985 983 ccvi.

795 1047 875 1112 raso,
894 1048 920 1102 a.
938 1048 1044 1103 ruse.

418 1177 552 1244 Andreas
568 1176 617 1243 dei
629 1176 726 1261 gratia
743 1197 796 1241 rex
813 1176 964 1259 ilungarie
981 1181 1040 1240 etc.
1056 1176 1179 1259 Regiam
1202 1176 1290 1240 decet
1305 1174 1506 1239 excellentiam

328 1289 447 1353 illorum
468 1287 611 1351 extollere
634 1292 664 1351 et
691 1287 874 1351 remunerari
890 1286 1075 1357 fidelitatem,
1092 1286 1143 1370 qui
1163 1286 1193 1348 in
1218 1287 1335 1368 cunctis
1350 1303 1460 1356 rerum,
1478 1291 1509 1348 et

329 1396 573 1463 vicessitudinum
589 1392 741 1480 procellis,
757 1396 937 1461 inconcusso
951 1399 1077 1479 pectore
1092 1394 1121 1457 in
1138 1394 1197 1459 fide
1209 1399 1422 1479 perseverant:
1438 1392 1507 1455 Pro·

327 1506 398 1571 inde
424 1505 461 1571 ad
485 1506 689 1570 universorum
716 1510 775 1569 tam
803 1504 1002 1587 presentiam,
1031 1524 1118 1591 quam
1148 1505 1326 1581 futurorum,
1354 1523 1509 1588 seramque
1553 1553 1554 1560 ,

329 1620 516 1701 posterorum
529 1616 662 1679 notitiam
678 1614 782 1679 harum
799 1616 880 1679 serie
900 1613 1035 1679 uolumus
1052 1616 1222 1699 pervenire.
1248 1614 1334 1697 Quod
1357 1635 1413 1679 nos
1427 1614 1510 1696 regia

329 1724 526 1807 benignitate,
547 1729 695 1808 gratoque
717 1722 821 1787 lavore
843 1722 1041 1787 consideratis
1057 1722 1237 1797 multifariis,
1254 1722 1510 1807 laudabiliterque

329 1834 519 1899 seruitiorum
541 1832 656 1897 meritis
678 1830 815 1913 magistri
830 1830 946 1895 Nicolai
961 1830 1015 1893 filii
1031 1829 1133 1895 Geren
1149 1831 1188 1896 de
1202 1831 1351 1905 Katotba,
1369 1852 1429 1918 que
1446 1832 1512 1916 ipse

329 1942 400 2007 inde
415 1940 453 2005 ab
469 1940 589 2005 ineunte
606 1943 685 2003 etate
701 1945 803 2003 nostra
822 1938 939 2004 adbunc
955 1938 1073 2023 puerili,
1094 1940 1162 2003 dum
1178 1941 1289 2004 exteris
1311 1943 1343 2004 in
1366 1940 1429 2003 oris
1449 1961 1511 2004 sor-

329 2054 400 2123 tem,
417 2050 625 2133 fortunamque
641 2053 773 2113 nostram
789 2047 954 2133 periclitari
970 2047 1106 2129 contigit,
1122 2048 1209 2111 lateri
1221 2052 1323 2111 nostro
1337 2048 1453 2131 jugiter
1463 2048 1513 2111 ad-

328 2159 479 2231 herendo,
508 2157 638 2223 lideliter
657 2156 809 2235 exhibuit,
837 2162 868 2220 et
889 2163 993 2241 postea
1015 2160 1104 2221 etiam
1127 2158 1281 2241 signanter
1306 2158 1376 2223 dum
1393 2179 1512 2241 regnum

330 2269 388 2333 hoo
405 2272 535 2332 nostrum
549 2269 617 2349 jure
635 2265 824 2349 proximioris
840 2266 933 2331 virilis
948 2267 1099 2350 geniture,
1119 2265 1381 2331 nonobstantibus
1403 2268 1514 2340 emulis,

331 2382 362 2441 et
382 2375 563 2439 adversariis
584 2375 712 2448 nostris,
739 2373 858 2439 domino
874 2374 997 2455 jurante
1018 2374 1242 2457 gubernandum
1265 2376 1514 2459 suscepissemus,

330 2506 455 2570 moxque
469 2482 627 2549 rebellium
645 2503 731 2547 manu
749 2483 953 2556 circumventi,
969 2483 1120 2567 indignam
1136 2484 1222 2565 regio
1238 2489 1341 2549 nostro
1358 2483 1515 2560 honorici

329 2595 466 2679 sanguini
482 2592 651 2659 subiremus
668 2591 848 2665 custodiam,
865 2594 895 2656 in
911 2597 990 2657 tanta
1007 2594 1107 2659 cordis
1125 2596 1220 2657 nostri
1235 2592 1434 2659 amaritudine
1453 2595 1516 2679 ipse
1556 2657 1557 2674 q

331 2704 473 2770 Nicotaus
505 2701 582 2766 fidus
606 2706 693 2766 antea
716 2702 778 2785 jam
808 2702 1014 2779 miseriarum,
1036 2708 1068 2767 et
1090 2722 1303 2787 perpessarum
1334 2703 1515 2789 iniquitatum
1556 2688 1557 2695 ἵ

329 2813 445 2886 socius,
472 2831 531 2876 non
548 2810 631 2883 dies,
660 2831 716 2875 uon
741 2815 848 2874 noctes
872 2810 1055 2888 estimando,
1085 2832 1183 2896 neque
1202 2813 1263 2876 uite
1285 2832 1356 2885 sue,
1380 2820 1449 2877 utut
1460 2814 1515 2896 jam
1556 2789 1557 2828 i

331 2920 446 2993 senilis,
463 2918 635 3005 uiribusque
644 2917 706 3000 jam
722 2919 787 2983 lere
803 2920 902 2985 fracte
918 2920 1078 3004 parcendo,
1095 2921 1209 2985 medios
1232 2919 1392 2985 rebellium
1409 2942 1516 2987 cuneos

330 3029 467 3103 viriliter,
477 3048 650 3112 summaque
663 3028 751 3093 animi
765 3030 930 3093 constantia
943 3049 1152 3115 perrumpens,
1159 3050 1286 3115 moxque
1301 3029 1435 3097 fidelium
1447 3052 1518 3095 uon·
1556 3093 1557 3102 ,

331 3138 474 3203 nullorum
491 3142 661 3202 nostrorum
685 3137 813 3223 stipatus
835 3136 968 3211 auxiliis,
993 3138 1069 3203 alme
1086 3138 1233 3203 libertatis
1253 3140 1339 3203 uobis
1355 3141 1516 3207 restituerit

330 3268 441 3311 auram.
465 3247 504 3311 ut
520 3266 609 3329 quum
624 3266 713 3330 porro
729 3246 788 3331 ipsi
806 3245 930 3312 Nicolao
956 3248 986 3311 in
1002 3248 1183 3313 refrenando
1206 3249 1295 3313 etiam
1316 3252 1514 3315 exterminan-

331 3357 428 3440 doque
450 3354 587 3421 Rorando
613 3354 756 3441 wopuoda
784 3356 1009 3429 Traossiluano,
1033 3358 1083 3441 qui
1104 3357 1216 3441 insigni
1231 3360 1385 3441 protervia
1401 3359 1515 3428 ductus,

330 3464 469 3531 vexillum
486 3468 516 3529 et
528 3484 609 3529 arma
620 3465 650 3528 in
663 3485 728 3537 nos,
742 3470 890 3550 caputque
901 3471 1037 3529 nostrum
1049 3485 1135 3531 sacro
1151 3467 1335 3551 regnibujus
1347 3467 1514 3533 diademate

329 3574 498 3639 redimitum
515 3573 659 3639 extollere
675 3595 763 3639 ausus
779 3574 1052 3659 fueratplurimum
1067 3576 1098 3638 in
1114 3577 1246 3660 acceptis
1259 3576 1435 3649 debeamus,
1448 3576 1513 3639 bine

331 3704 368 3748 ex
384 3681 519 3753 consilio,
543 3687 574 3746 et
596 3681 787 3766 beneplacito
800 3682 993 3767 prelatorum,
1010 3690 1042 3748 et
1057 3683 1198 3749 baronum
1221 3691 1405 3758 nostrorum,
1426 3687 1514 3749 matu-

332 3812 424 3876 raque
440 3810 476 3853 ex
500 3790 718 3857 deliberatione
735 3797 848 3864 nostra,
870 3793 1025 3857 universas
1041 3799 1149 3870 terras,
1168 3798 1199 3856 et
1221 3797 1435 3878 possessiones
1451 3811 1513 3879 pre·

332 3901 386 3965 lati
403 3898 533 3964 Rorandi
549 3899 695 3973 infidelis,
711 3921 771 3987 que
792 3901 864 3965 inde
886 3923 903 3964 a
924 3906 1062 3986 tempore
1078 3903 1298 3987 exstirpationis
1315 3903 1393 3985 ejus,
1417 3908 1511 3968 nostro

331 4007 522 4091 possidentur
535 4009 663 4086 nomine,
675 4010 734 4093 ipsi
746 4007 882 4083 Nicolao,
897 4010 1024 4095 ejusque
1040 4011 1202 4076 heredibus
1215 4012 1367 4078 donandas
1385 4012 1510 4077 duximus

332 4120 362 4180 et
385 4116 594 4181 concedendas
619 4118 689 4201 jure
715 4124 878 4202 perpetuo,
907 4124 938 4183 et
959 4120 1208 4195 irrevocabiliter,
1231 4122 1335 4185 harum
1351 4128 1511 4189 nostrarum

332 4225 489 4296 mediante,
507 4230 538 4289 et
553 4227 723 4291 testimonio
733 4228 897 4302 literarum,
910 4250 984 4315 quas
1000 4235 1032 4293 ut
1048 4230 1173 4313 primam
1187 4230 1273 4295 nobis
1287 4232 1318 4294 in
1333 4231 1441 4316 specie
1452 4231 1508 4293 lue·

332 4334 391 4396 rint
405 4338 569 4417 reportate,
585 4336 615 4397 in
631 4335 754 4399 formam
770 4336 920 4419 privilegii
942 4338 1037 4401 nostri
1058 4337 1157 4420 redigi
1178 4338 1333 4403 iaciemus.
1365 4337 1509 4406 Datunin

336 4442 450 4505 octaris
467 4442 537 4507 testi
553 4443 588 4505 Β.
605 4442 728 4508 loannis
746 4445 874 4527 apostoli
890 4464 967 4510 anuo
983 4444 1096 4510 domini
1111 4445 1302 4513 mccxcvu.
