3150 5092
584 358 686 429 54

580 536 955 615 expectante.
1008 530 1294 596 Volentes
1326 533 1529 613 igitur,
1565 533 1788 597 utfinis
1814 532 2019 597 litibus
2044 537 2402 617 imponatur,
2428 534 2803 610 mandamus,
2829 555 2979 617 qua-

574 645 775 716 tenus,
803 641 854 702 si
889 642 984 703 est
1015 638 1123 711 ita,
1158 638 1376 702 abbate
1409 660 1480 704 ac
1514 646 1807 705 conventu
1841 640 2150 724 predictis,
2184 663 2261 704 ne
2287 643 2365 706 de
2398 661 2504 705 sua
2536 641 2778 724 possint
2823 661 2974 704 con-

576 748 824 810 tumatia
868 742 1179 828 gratulari,
1224 745 1458 829 prefato
1502 748 1792 833 episcopo
1839 749 1902 811 in
1950 750 2229 832 expensis
2272 750 2570 812 taxatione
2604 749 2979 833 competenti

581 852 933 936 prehabito,
991 853 1479 937 condempnatis,
1529 855 1800 940 partibus
1858 857 2234 928 convocatis,
2293 857 2499 921 audias
2558 877 2804 921 causam

581 964 877 1024 facientes
1083 962 1307 1026 Testes
1515 962 1649 1026 Dat.
1699 964 1965 1045 Anagnie
2029 963 2126 1026 XI.
2184 964 2299 1030 kal.
2359 962 2741 1028 Novembris.
2803 962 2975 1026 Anno

577 1076 765 1132 sextu.

1688 1235 1850 1304 LIII.

1104 1385 1268 1448 1233,
1309 1385 1394 1439 12.
1433 1385 1659 1456 August.
1698 1389 1769 1441 lm
1809 1389 2165 1457 Beregher
2200 1390 2449 1443 Walde.

761 1544 913 1556 .....
949 1495 1217 1558 Andreas
1401 1494 1551 1558 Item
1599 1497 1866 1560 volumus
1911 1498 1973 1560 et
2015 1497 2441 1571 concedimus;
2490 1499 2646 1580 quod
2699 1497 2971 1562 ecclesie

577 1604 769 1664 libere
801 1607 1042 1684 portent
1075 1603 1233 1665 sales
1285 1623 1427 1665 suos
1462 1603 1534 1666 ad
1571 1605 1871 1668 'ecclesias
1904 1607 2107 1688 ipsas;
2155 1611 2217 1668 et
2240 1606 2325 1669 ibi
2357 1607 2466 1667 sub
2502 1606 2704 1687 sigillo
2742 1606 2971 1669 salina-

573 1712 829 1780 riorum.
893 1716 953 1772 et
1001 1709 1215 1794 prelati
1271 1709 1431 1772 illius
1488 1712 1781 1784 ecclesie,
1826 1715 1887 1775 in
1930 1730 2045 1796 qua
2088 1712 2248 1776 sales
2282 1714 2681 1796 deponuntur,
2717 1714 2825 1797 qui
2859 1734 2969 1797 pro

577 1828 850 1904 tempure
885 1819 1126 1891 fuerint,
1160 1817 1556 1902 deponantur,
1591 1819 1973 1904 depositique
2018 1826 2337 1884 seruentur
2378 1840 2566 1903 vsque
2598 1822 2669 1883 ad
2725 1826 2970 1884 octauas

573 1928 637 1988 S.
677 1928 969 2008 Stephani
1009 1927 1170 2007 regis
1183 1947 1204 1998 ;
1239 1934 1301 1989 et
1332 1932 1474 1990 tunc
1506 1924 1580 1987 ab
1613 1926 1715 1989 illo
1750 1926 1849 1990 die
1881 1947 2071 2010 vsque
2096 1927 2172 1990 ad
2205 1929 2576 1993 natiuitatem
2593 1929 2659 1989 B.
2678 1927 2750 1990 V.
2772 1930 2967 1992 Marie
3127 1865 3140 2048 l

573 2036 837 2096 soluatur
873 2036 961 2096 eis
997 2038 1311 2115 argentum
1344 2053 1454 2117 pro
1488 2033 1734 2104 salibus,
1763 2053 1915 2116 quos
1948 2041 2089 2099 tunc
2116 2035 2383 2100 ecclesie
2415 2035 2736 2099 habuerint
2769 2057 2964 2119 penes

565 2164 657 2212 se,
693 2144 1022 2204 secundum
1055 2140 1491 2204 estimationem
1533 2141 1785 2204 inferius
1836 2142 2194 2206 adnotatam.
2245 2143 2320 2205 Et
2355 2143 2408 2205 si
2440 2144 2500 2204 in
2535 2141 2639 2205 illo
2673 2147 2957 2226 tempore
3133 2055 3140 2298 Ι

569 2252 689 2332 ipsi
725 2251 993 2312 salinarii
1020 2248 1190 2331 ipsos
1221 2247 1383 2310 sales
1416 2267 1531 2311 non
1581 2254 1886 2320 emerent,
1943 2255 2006 2314 et
2038 2249 2319 2339 ecclesiis
2366 2255 2702 2331 argentum,
2737 2271 2965 2313 secun-

573 2356 709 2416 dum
749 2356 965 2420 dictam
1001 2356 1458 2426 estimationem,
1485 2375 1601 2417 non
1637 2354 1980 2428 soluerent;
2017 2376 2090 2420 ex
2120 2363 2263 2420 tunc
2298 2357 2455 2419 omni
2486 2363 2762 2441 tempore
2794 2358 2959 2421 sales
3133 2305 3140 2446 l

577 2464 709 2528 illus
761 2468 821 2528 in
869 2464 1166 2548 proprium
1217 2483 1385 2526 vsum
1431 2451 1697 2526 ecclesie
1742 2466 2173 2547 percipientes„
2207 2464 2427 2528 vadant
2456 2465 2615 2528 iuxta
2648 2485 2759 2528 sue
2794 2465 2963 2529 arbi-

581 2572 757 2636 trium
793 2572 1148 2644 minutatim
1195 2576 1257 2634 et
1289 2590 1461 2634 omne
1493 2571 1749 2646 lucrum,
1784 2572 1942 2654 quod
1978 2571 2335 2635 deberemus
2372 2592 2479 2635 nos
2525 2573 2620 2636 vel
2653 2573 2809 2635 alius
2837 2594 2965 2644 rex,

581 2680 677 2760 qui
725 2700 833 2764 pru
889 2684 1158 2762 tempore
1207 2679 1408 2755 fuerit,
1463 2677 1558 2741 vel
1606 2676 1726 2760 ipsi
1782 2678 2047 2743 salinarii
2103 2680 2242 2742 inde
2297 2681 2639 2762 percipere,
2695 2681 2971 2745 totaliter

577 2788 753 2848 cedat
785 2788 841 2848 in
881 2808 1018 2848 rsus
1066 2785 1494 2856 ecclesiarum
1553 2806 1666 2848 nec
1701 2807 1732 2848 a
1768 2787 2067 2850 salinariis
2098 2788 2269 2870 ipsiS,
2306 2787 2401 2850 vel
2435 2787 2640 2860 nobis,
2688 2789 2785 2851 vel
2832 2791 2967 2852 aliis
3137 2838 3139 2846 ,

581 2896 857 2976 personis
905 2892 1279 2976 aliquatenus
1325 2892 1742 2969 molestentur,
1792 2897 1935 2975 quin
1980 2896 2235 2976 possint,
2283 2893 2567 2978 quidquid
2615 2894 2824 2979 placet
2858 2899 2968 2968 eiS,
3139 2953 3140 2976 2

573 3004 781 3064 facere
837 3020 1075 3084 semper
1129 3002 1205 3064 de
1260 2997 1509 3071 salibus,
1566 3021 1639 3063 ex
1682 3020 1798 3084 quo
1844 3002 1905 3062 in
1944 3001 2106 3064 dicto
2160 3003 2421 3064 termino
2478 3022 2594 3064 non
2641 3004 2827 3067 fuerit
2876 3006 2965 3067 eis

577 3108 829 3188 pecunia
889 3105 1216 3188 persoluta.
1265 3106 1410 3170 item
1466 3097 1717 3170 'dicimus
1774 3107 1851 3171 de
1896 3108 2163 3172 secundo
2210 3112 2487 3180 termino,
2537 3115 2600 3173 vt
2633 3131 2666 3173 a
2699 3112 2860 3174 festo
2897 3112 2962 3175 S.

573 3216 809 3276 Nicolai
845 3232 1030 3296 reque
1064 3215 1138 3278 ad
1170 3218 1389 3278 festum
1421 3214 1595 3278 B'eati
1628 3216 1860 3278 Thome
1902 3216 2179 3299 apostoli,
2213 3234 2322 3299 pro
2359 3215 2583 3281 salibus
2613 3239 2768 3302 quos
2802 3218 2963 3302 apud

577 3344 641 3384 se
677 3320 981 3384 habebunt
1013 3321 1298 3394 ecclesie,
1334 3322 1443 3386 sub
1478 3321 1680 3403 sigillo
1716 3324 2151 3393 salinariorum,
2200 3324 2469 3387 soluatur
2514 3327 2601 3388 eis
2647 3331 2963 3408 argentum

573 3428 901 3492 secundnm
953 3431 1385 3494 estimationem
1443 3430 1815 3500 adnotatam;
1872 3430 2030 3514 quod
2070 3431 2123 3493 si
2154 3433 2375 3495 factum
2410 3454 2528 3496 non
2564 3435 2766 3503 fuerit,
2802 3437 2962 3499 idem

573 3536 693 3612 fiat,
729 3540 885 3620 quud
949 3536 1005 3600 in
1059 3555 1202 3599 casu
1259 3536 1580 3618 superiore
1623 3537 1701 3600 de
1746 3537 1974 3601 salibus
2009 3538 2234 3601 dictum
2270 3546 2385 3601 est.
2432 3541 2764 3620 Argentum
2797 3564 2961 3615 vero,

573 3644 729 3724 quud
785 3644 1077 3724 predictis
1133 3642 1412 3706 ecclesiis
1470 3644 1875 3727 persoluetur,
1934 3647 2051 3708 erit
2095 3646 2153 3706 in
2188 3644 2360 3709 bonis
2392 3647 2711 3722 frisaticiS,
2772 3652 2873 3715 vel
2903 3653 2958 3714 in

573 3760 845 3832 argento,
881 3752 1050 3814 cuius
1088 3751 1321 3814 decima
1352 3772 1493 3834 pars
1528 3751 1930 3816 comburetur,
1982 3754 2192 3816 Precia
2214 3773 2357 3819 vero
2390 3754 2605 3818 salium
2639 3762 2785 3820 suut
2819 3759 2959 3822 hec:

573 3860 729 3940 quud
765 3880 873 3940 pru
909 3857 1176 3940 quolibet
1223 3859 1446 3942 tymino
1490 3860 1701 3922 salium
1736 3862 2166 3945 aquaticorum,
2219 3862 2649 3945 persoluentur
2679 3866 2959 3929 ecclesiis

569 3976 705 4028 fletu
769 3984 1001 4036 marce.
1061 3968 1307 4047 excepta
1356 3965 1537 4030 'domo
1592 3967 1907 4048 hospitalis
1953 3967 2509 4052 Hierosolymitani,
2569 3976 2633 4034 et
2676 3973 2960 4037 ecclesiis

573 4072 913 4144 Culus-tensi,
953 4080 1012 4132 et
1040 4071 1355 4134 Bachiensi
1376 4094 1392 4143 ;
1451 4073 1669 4156 quibus
1724 4094 1833 4156 pro
1891 4075 2156 4157 quolibet
2184 4077 2409 4158 tymino
2442 4077 2718 4142 dabimus
2747 4081 2959 4145 decem

573 4200 821 4248 marcas,
873 4180 925 4240 si
981 4178 1142 4241 dicte
1199 4178 1467 4241 ecclesie
1508 4179 1858 4244 Colocensis
1911 4188 1973 4245 et
2003 4182 2390 4247 Bacchiensis
2423 4183 2686 4250 debeant
2718 4188 2959 4252 deferre

569 4288 729 4351 sales
785 4308 925 4348 suns
973 4288 1034 4349 in
1089 4285 1411 4369 Zegedyn,
1469 4289 1564 4350 vel
1621 4290 1774 4351 vltra
1792 4311 1811 4363 ;
1862 4291 2126 4375 alioquin
2182 4298 2316 4356 octo
2357 4301 2591 4380 marcas
2627 4296 2955 4362 habebunt.

569 4396 685 4456 Pru
717 4396 1039 4460 maioribus
1072 4411 1218 4458 vero
1255 4392 1480 4458 salibus
1516 4399 1831 4479 aquaticis,
1858 4399 2145 4462 debemus
2172 4399 2422 4463 abbacie
2448 4401 2524 4465 de
2549 4401 2751 4484 Egi-us
2776 4405 2960 4468 XXVI

569 4524 801 4564 marcas
833 4524 945 4584 pru
977 4495 1247 4588 quolibet
1276 4501 1500 4574 timin0,
1550 4508 1612 4566 et
1667 4504 1933 4570 ecclesie
1983 4506 2313 4571 Orodiensi
2344 4507 2504 4572 XXV
2535 4510 2817 4574 similites
2850 4531 2957 4595 pro
