3150 5092
1233 335 1285 407 63

83 510 207 580 collem,
233 512 283 595 qui
298 511 411 574 dicitur
425 511 592 596 Pastorem,
611 512 693 577 vadit
710 509 860 593 superius,
873 509 903 571 iu
920 509 1007 589 cnjus
1023 511 1180 573 cacumine
1196 510 1288 574 babet

11 667 12 672 1
83 622 207 680 metam.
230 619 348 682 Deinde
371 618 533 700 egrediens
561 641 653 702 super
677 619 776 684 Bercb
807 617 889 680 vadit
909 616 946 678 ad
978 615 1092 700 sylvam
1111 619 1285 688 eorundem,

11 715 12 788 ἒ
83 724 166 788 inter
191 725 309 789 abietes
331 725 459 788 tendens
482 728 520 790 ad
542 733 656 790 terram
679 727 811 809 predicti
830 724 952 789 Chanad
977 723 1106 796 comitis,
1126 722 1177 788 ubi
1203 726 1286 808 prius

83 852 155 896 cum
184 833 292 896 eodem
319 839 427 896 metam
453 835 586 906 tenebat,
611 840 642 897 et
660 834 702 897 ibi
718 834 904 898 terminatur.
924 832 962 894 Vt
978 833 1072 913 igitur
1087 831 1146 895 bec
1163 853 1178 895 a
1197 832 1285 896 nobis

83 960 236 1004 concessa
260 940 385 1004 libertas
410 943 449 1004 sit
472 947 621 1025 perpetuo
638 943 774 1014 valitura,
792 961 849 1004 nee
858 941 957 1024 possit
972 939 1009 1002 ab
1027 940 1125 1023 aliquo
1137 941 1167 1002 in
1180 945 1284 1024 poste-

81 1068 150 1110 rum
179 1050 349 1120 retractari,
379 1054 537 1131 presentes
566 1052 772 1113 concessimus
801 1049 916 1120 literas,
933 1047 1061 1131 duplicis
1078 1046 1173 1128 sigilli
1188 1049 1286 1112 nostri

11 1199 13 1214 r
81 1155 249 1218 munimine
267 1155 433 1220 roboratas.
457 1156 562 1219 Datum
580 1158 609 1218 iu
627 1157 696 1219 villa
714 1157 862 1220 Saxonum
879 1155 918 1218 de
939 1154 1063 1217 llrlrwd.
1086 1156 1170 1217 Anno
1187 1154 1284 1217 domi-

11 1245 12 1248 *
82 1263 154 1325 nice
170 1263 388 1326 incarnationis
417 1263 574 1327 millesimo
604 1265 811 1328 ducentesimo
827 1264 983 1345 trigesimo
1007 1267 1126 1338 octauo,
1149 1262 1284 1325 seeundo

82 1369 152 1432 idus
166 1367 335 1433 Februarii.
360 1371 457 1452 Regni
475 1377 574 1434 autem
591 1373 687 1435 nostri
703 1391 781 1435 nnnc
798 1372 898 1434 tertio.

646 1539 714 1609 LX.

563 1657 645 1720 1240,
662 1659 708 1712 21.
727 1658 807 1712 blara.

176 1765 265 1835 Boia,
293 1764 351 1828 Dei
373 1768 471 1846 gratia
496 1767 665 1847 hungarie,
693 1767 858 1843 Dalmatio,
877 1765 1014 1842 croatie,
1036 1763 1144 1838 Ranae,
1161 1765 1281 1837 Seruie,

81 1871 232 1944 Gallicie,
265 1874 464 1945 hodomerie,
487 1873 690 1960 Cumanieque
715 1895 784 1948 rex,
813 1875 963 1938 universis
992 1872 1107 1936 Christi
1130 1872 1280 1947 fidelihus,

11 1999 13 2076 ἑ
80 1986 258 2064 presentem
276 1981 417 2063 paginam
439 1983 630 2066 inspecturis,
655 1983 781 2047 salutem
804 1983 836 2046 in
853 2003 925 2046 vero
942 1981 1078 2046 salutari.
1105 1981 1180 2062 Quia
1203 1980 1282 2043 bone

11 2103 13 2174 ξ
80 2089 128 2152 rei
152 2107 334 2154 consensum
357 2088 496 2171 prebere,
514 2097 545 2154 et
568 2091 720 2174 presentis
742 2092 803 2155 vite
819 2091 984 2156 subsidium
1009 2094 1039 2153 ct
1068 2089 1167 2151 future
1182 2108 1283 2151 remu·

81 2198 252 2259 nerationis
277 2202 417 2279 expectat
443 2199 607 2280 premium,
634 2205 666 2262 ut
683 2199 776 2264 diuini
795 2199 898 2282 operis
913 2199 1041 2262 fructum
1061 2199 1145 2260 circa
1162 2197 1282 2280 pietatis

81 2322 176 2387 opera
194 2307 377 2386 propensius
394 2311 588 2389 exequentes,
605 2308 782 2390 temporalia
798 2307 881 2372 felici
894 2307 1074 2370 commercio
1088 2304 1281 2388 sempiternis

81 2418 310 2484 commutemus,
334 2419 365 2477 et
386 2420 417 2477 vt
441 2414 623 2495 regularium
647 2415 786 2487 virorum,
810 2415 861 2497 qui
874 2414 958 2494 juxta
975 2413 1182 2495 euangelicam
1199 2413 1280 2477 veri·

76 2525 223 2582 tutemet
251 2521 387 2600 regulam
413 2519 494 2584 beati
525 2521 682 2586 Benedicti
705 2521 821 2586 relictis
844 2521 983 2584 omnibus
1008 2520 1140 2591 Christo,
1168 2520 1280 2603 spretis

11 2687 13 2714 ἰ
78 2628 253 2691 diuitiarum
268 2627 434 2708 jactantiis,
448 2629 563 2711 jugiter
579 2631 764 2700 inherentes,
779 2634 878 2692 mente
896 2630 1002 2693 devota
1019 2628 1207 2699 famulantur,
1219 2629 1279 2691 rti-

78 2735 215 2800 litatibus
244 2737 449 2818 providentes,
473 2737 637 2801 eorundem
664 2737 811 2820 precibus
836 2756 891 2800 nos
908 2757 944 2800 ac
960 2737 1054 2798 nostri
1072 2756 1280 2809 successores,

11 2889 12 2924 ξ
78 2864 133 2906 vna
151 2864 222 2908 cum
241 2844 344 2926 regnis
368 2850 471 2907 nostre
483 2845 689 2925 jurisdictioni
706 2844 852 2924 subjectis
868 2846 899 2906 in
917 2863 993 2926 pace
1008 2850 1153 2926 perpetua
1171 2863 1279 2926 perse·

77 2959 206 3023 uerent3
223 2957 326 3018 sancto
343 2973 378 3015 ac
396 2954 560 3016 venerabili
581 2955 753 3020 concentui
773 2953 959 3018 monasterii
975 2953 1133 3022 Cistercii,
1149 2952 1179 3014 in
1206 2952 1279 3015 sub-

78 3060 187 3124 sidium
212 3079 430 3141 expensarum,
457 3079 532 3143 quas
561 3063 647 3124 annis
672 3061 802 3141 singulis
826 3061 863 3123 ad
887 3080 970 3122 vsum
987 3059 1139 3140 generalis
1156 3059 1279 3143 capituli

78 3168 170 3231 totius
197 3166 312 3229 ordinis
336 3173 404 3228 sunt
421 3168 546 3238 facturi,
571 3167 714 3250 quasdam
732 3167 880 3230 ecclesias
897 3167 927 3227 in
943 3167 1074 3235 Βαναία,
1098 3166 1278 3248 inpartibus

78 3273 307 3342 Transiluanis,
340 3270 484 3336 videlicet
515 3280 645 3337 castrum
681 3281 793 3340 suamc
822 3273 928 3337 Maria
939 3273 966 3356 ¹)
1005 3279 1142 3336 montem
1171 3275 1279 3340 suncti

78 3382 170 3445 Petri
178 3379 222 3462 ²),
250 3387 386 3444 montem
408 3381 515 3446 Mallia
524 3381 563 3464 ³),
593 3378 868 3466 cancromata),
893 3380 1053 3464 inquibus
1078 3379 1278 3444 dioecesanus

78 3490 243 3570 episcopus
259 3487 331 3560 nihil
343 3487 566 3567 jurisdictionis
592 3489 707 3551 obtinet
732 3490 785 3551 sed
805 3490 842 3551 ad
858 3509 912 3552 nos
930 3487 1106 3568 specialiter
1121 3493 1152 3548 et
1171 3486 1278 3549 imme-

79 3596 159 3658 diate
177 3595 321 3677 pertinet,
338 3614 405 3658 cum
423 3596 631 3678 mouentibus,
644 3595 773 3675 juribus,
792 3615 828 3658 ac
845 3594 981 3660 omnibus
1005 3595 1069 3656 suis
1090 3585 1279 3676 pertinentiis

79 3704 219 3767 duximus
243 3701 461 3766 conferendas:
499 3707 666 3766 statuentes
706 3704 814 3766 futuris
844 3701 1031 3787 temporibus
1062 3699 1277 3764 inuiolabiliter

80 3809 257 3880 obseruari,
281 3815 312 3873 vt
342 3810 418 3872 infra
441 3810 600 3892 parochias
627 3831 681 3874 seu
703 3810 887 3880 territorium
910 3809 1055 3872 dictarum
1080 3808 1277 3871 ecclesiarum

78 3916 160 3979 nulla
183 3916 345 4000 deinceps,
373 3916 487 4002 absque
515 3918 648 3998 ipsorum
674 3937 843 3988 consensu,
872 3916 1005 3981 ecclesia
1026 3915 1075 3980 vel
1099 3914 1213 3998 capella
1238 3915 1276 3976 de

78 4047 156 4090 nouo
174 4030 379 4096 construatur,
398 4044 455 4088 nec
471 4026 576 4090 altaria
595 4028 760 4107 erigantur,
774 4047 832 4092 nec
845 4028 1028 4091 coemeteria
1045 4029 1275 4088 consecrentur.

11 4317 12 4320 Ἴ
52 4308 55 4312 ,
111 4258 137 4317 1)
155 4256 308 4316 Marisnhurg
323 4256 353 4302 im
369 4257 523 4306 Burnenland.

110 4339 137 4398 ²)
155 4338 301 4397 Petersberg
324 4370 337 4393 „
404 4369 416 4392 „

111 4415 137 4478 ³)
156 4419 295 4476 ilonigberg
323 4451 335 4472 „
403 4451 415 4472 „

112 4498 139 4559 ⁴)
156 4502 250 4546 Tartlau
324 4532 336 4552 „
