3150 5092
321 291 396 363 184

317 468 374 532 hoc
390 488 444 531 nos
456 467 529 533 deus
545 469 576 533 in
592 467 726 552 apicibus
738 468 852 551 regalis
864 465 1051 532 celsitudinis
1067 467 1161 532 erexit
1177 471 1207 530 et
1223 466 1334 539 euexit,
1346 470 1380 529 ot
1394 466 1495 530 metiri
1550 519 1551 560 Ξ

318 576 460 642 debemus
488 578 594 643 merita
616 578 810 660 singolorum,
838 582 868 642 et
895 577 967 641 licet
987 597 1103 641 manum
1129 576 1308 648 munificam,
1335 576 1497 660 porrigere
1550 575 1551 580 ’

317 686 479 752 debeamus
497 688 657 760 vninorsis,
680 687 745 751 illas
768 691 867 751 tamen
894 686 960 772 plus
984 707 1039 772 pre
1061 687 1171 751 ceteris
1186 685 1329 770 prosequi
1348 684 1497 750 debemus

316 796 488 862 muneribus
505 796 662 871 donatiuis,
674 798 725 885 qui
741 796 865 880 regibus
880 795 1002 861 sedulos
1018 795 1159 861 exhibent
1173 794 1340 861 famulatus.
1365 794 1497 858 Proinde

320 904 358 971 ad
384 906 590 972 uniuersorum
623 904 763 970 noticiam
797 906 902 969 harum
929 905 1010 970 serie
1035 903 1170 969 uolumus
1196 906 1368 989 peruenire.
1410 902 1498 986 Quod

314 1013 485 1099 Stephanus
501 1012 579 1078 lilius
589 1012 700 1077 llathei
713 1014 750 1079 de
764 1013 1001 1087 Cbon,nostram
1018 1012 1122 1077 adiens
1138 1012 1336 1097 presenciam,
1347 1010 1495 1095 quondm

315 1127 425 1187 terram
442 1124 535 1189 castri
546 1124 638 1186 nostri
655 1122 693 1186 de
706 1122 808 1186 Zonulx
823 1122 933 1187 Kerew
949 1127 1093 1194 uocatam,
1107 1143 1124 1185 a
1142 1121 1227 1184 nobis
1242 1120 1329 1204 petiit
1344 1120 1406 1183 sihi
1422 1118 1495 1192 dari,

316 1250 417 1297 verum
431 1230 499 1315 quia
516 1231 554 1295 de
567 1230 709 1316 qualitate
726 1236 756 1296 et
770 1230 936 1317 quantitate
952 1230 1033 1294 dicte
1048 1235 1130 1294 terre
1146 1236 1178 1293 et
1192 1235 1287 1293 utrum
1309 1228 1347 1292 ad
1363 1235 1496 1292 nostram

319 1340 512 1407 collusionem
528 1340 694 1425 pertineret
710 1360 766 1405 nec
783 1360 837 1413 ne,
853 1338 940 1403 nobis
957 1342 1068 1405 ueritas
1085 1360 1143 1403 non
1163 1338 1329 1411 constabat,
1354 1335 1494 1401 fidelihus

317 1449 426 1515 nostris
444 1448 571 1534 capitulo
586 1448 709 1513 Albensi
727 1448 858 1513 ecclesie
873 1449 1088 1513 Trannsiloone
1107 1448 1217 1512 nostris
1235 1448 1371 1512 dedimus
1387 1447 1495 1511 litteris

316 1560 347 1623 in
364 1558 520 1629 mandatis,
534 1564 566 1622 ut
577 1556 667 1622 Jhooi
681 1557 741 1621 lilio
754 1557 871 1631 dhonis,
883 1558 994 1621 homini
1011 1561 1124 1628 nostro,
1141 1576 1226 1621 suum
1237 1556 1344 1620 darent
1358 1557 1494 1619 testimo-

317 1668 407 1739 nium,
429 1687 528 1731 coram
555 1668 725 1753 quoidam
758 1667 883 1743 lhones,
910 1668 1110 1733 reambnlaret
1132 1665 1239 1731 dictam
1264 1670 1389 1738 terram,
1416 1669 1448 1727 et
1468 1665 1493 1727 si

314 1777 462 1843 inueniret
485 1796 549 1840 eam
574 1777 612 1840 ad
633 1782 765 1841 nostram
781 1775 977 1841 collacionem
999 1779 1206 1861 pertinentem,
1225 1779 1336 1839 statuet
1355 1775 1493 1858 predicto

315 1887 468 1971 Stephano
485 1886 601 1949 nemine
623 1885 846 1951 contradictore
869 1886 1024 1960 existente,
1051 1886 1288 1953 contradictores
1309 1874 1385 1948 uero
1402 1883 1493 1967 siqui

314 1996 427 2067 forent,
454 1994 490 2058 ad
516 1998 647 2059 nostram
674 1996 859 2078 presenciam
882 2000 1055 2069 enecarent,
1085 1996 1162 2080 quod
1191 1993 1311 2080 quidem
1331 1992 1494 2076 capitulum

314 2101 400 2167 nobis
418 2102 604 2186 postmodnm
619 2104 842 2188 rescripserunt
858 2107 888 2169 in
905 2108 962 2171 hec
977 2104 1079 2170 uerba.
1107 2105 1158 2190 (S.
1176 2104 1226 2168 die
1242 2102 1492 2187 vorhergehende

315 2209 485 2298 Urhunde.)

403 2318 465 2383 Nos
482 2318 572 2401 igitur
585 2320 782 2385 consideratis
800 2320 993 2389 fidelitatibus
1010 2329 1042 2388 et
1057 2326 1247 2389 seruitiorum
1264 2323 1379 2387 meritis
1394 2321 1491 2406 ipsios
1550 2375 1551 2378 ,

316 2428 374 2502 St,
392 2448 450 2514 qne
465 2428 550 2493 nobis
566 2428 596 2492 in
613 2427 740 2495 diuersis
756 2433 908 2509 articulis,
931 2439 962 2497 et
984 2434 1106 2499 maxime
1122 2434 1154 2497 in
1169 2432 1360 2519 expeditione
1379 2435 1491 2503 nosue,

316 2556 402 2622 quam
419 2542 522 2601 contra
540 2536 688 2601 dominum
705 2538 857 2605 Albertum
882 2542 989 2607 ducem
1007 2542 1128 2607 dustrie
1144 2548 1176 2606 et
1191 2541 1284 2606 Stirie
1299 2560 1335 2603 eo
1354 2545 1492 2623 tempore
1550 2519 1551 2534 ,

315 2650 448 2709 nostrum
475 2649 505 2709 et
526 2647 613 2729 regni
630 2648 723 2711 nostri
743 2650 899 2733 capitalem
923 2652 1073 2717 inimicum
1104 2650 1268 2724 habuimus,
1300 2648 1435 2713 exhihuit
1463 2650 1492 2710 et
1550 2673 1551 2676 ¹

315 2752 474 2836 impendit,
502 2753 552 2818 uhi
579 2754 733 2839 predictus
754 2758 800 2821 St.
823 2759 878 2823 sub
906 2760 1026 2826 civitate
1053 2760 1230 2835 Viennensi,
1252 2763 1355 2823 cornua
1375 2762 1491 2843 partem

316 2861 484 2935 aduersam,
504 2862 632 2927 uiriliter
653 2864 796 2929 dimicans
819 2868 949 2932 letaliter
970 2870 1066 2933 extitit
1085 2870 1245 2941 sauciatus,
1267 2870 1297 2930 in
1312 2886 1491 2950 recompen-

315 2972 465 3037 sacionem
481 2977 525 3037 tot
541 2979 571 3037 et
586 2980 732 3040 tantorum
745 2978 940 3043 seruiciornm
957 3000 1076 3044 suornm
1087 2978 1242 3064 aliqualem
1258 2978 1411 3062 copiosam
1426 2981 1490 3040 ter·

316 3103 380 3148 ram
395 3084 503 3148 Kerew
519 3085 611 3148 castri
621 3087 717 3149 nostri
730 3086 768 3151 de
783 3089 895 3163 chnlr,
917 3111 983 3155 oum
1000 3091 1136 3156 omnibus
1157 3090 1330 3156 utilitatibus
1348 3095 1378 3154 et
1394 3089 1489 3173 perti·

316 3194 431 3259 nesciis
455 3195 517 3258 suis
541 3194 700 3268 vniuersis,
722 3195 778 3259 sub
800 3197 914 3263 eisdem
935 3201 1022 3264 metis
1046 3205 1077 3263 et
1103 3201 1238 3264 terminis
1259 3200 1289 3262 in
1310 3198 1421 3283 quihus
1436 3216 1489 3283 per

316 3302 434 3385 priores
447 3322 642 3385 possessores
654 3302 756 3369 habita
772 3307 867 3370 extitit
883 3313 913 3371 et
928 3328 1080 3392 possessa,
1105 3308 1250 3383 dedimus,
1273 3308 1447 3373 donanimus
1462 3310 1490 3371 et

315 3410 504 3483 contulimus,
517 3412 653 3495 predicto
670 3413 835 3497 Stephano,
853 3415 987 3481 Gabrieli
1003 3423 1034 3483 et
1049 3418 1126 3500 Elije
1141 3416 1283 3482 iratribus
1299 3418 1373 3494 suis,
1389 3423 1423 3482 et
1438 3436 1488 3503 per

315 3540 367 3583 eos
387 3519 449 3584 suis
466 3520 629 3585 heredibus
646 3522 848 3610 heredumque
869 3547 988 3591 suorum
1012 3526 1240 3592 successorihus
1256 3528 1320 3591 iure
1342 3532 1489 3611 perpetuo

315 3633 345 3693 et
356 3629 593 3695 irreoocabiliter
603 3630 814 3715 possidendam
825 3635 983 3700 tenendam
1000 3642 1031 3700 et
1045 3635 1221 3701 habendam.
1244 3637 1283 3701 vt
1298 3637 1391 3718 igitur
1403 3636 1487 3701 huius

314 3743 416 3802 nostre
429 3737 603 3805 donacionis
625 3742 720 3805 series
743 3743 834 3807 robur
851 3745 985 3829 optineat
999 3751 1148 3831 perpetue
1170 3746 1329 3817 firmitatis,
1345 3767 1404 3810 nec
1420 3766 1485 3831 pro·

314 3866 401 3911 cesso
425 3850 590 3933 temporum
613 3870 668 3934 per
687 3871 863 3938 quemquam
884 3854 982 3939 possit
1002 3856 1161 3920 retractari
1183 3860 1341 3939 presentes
1361 3876 1485 3921 conces-

313 3955 404 4019 simus
420 3955 538 4021 litteras
555 3957 703 4043 dupplicis
719 3960 811 4045 sigilli
829 3964 922 4026 nostri
939 3964 1098 4028 munimine
1119 3962 1285 4029 roboratas.
1311 3965 1420 4029 Datum
1436 3986 1485 4053 per

313 4084 415 4129 manus
429 4065 551 4131 discreti
563 4068 620 4133 viri
634 4069 766 4153 magistri
778 4070 942 4152 Theodorij
955 4070 1094 4137 Albensis
1107 4074 1240 4139 ecclesie
1251 4077 1411 4159 prepositi,
1424 4077 1485 4141 aule

314 4177 416 4237 nostre
442 4175 694 4261 vicecancellarij,
719 4179 822 4243 dilecti
837 4184 868 4243 et
883 4179 981 4244 tidelis
997 4182 1101 4256 nostri,
1125 4202 1201 4247 anno
1225 4182 1334 4248 domini
1352 4185 1482 4251 Macco.

312 4285 505 4365 nonagesimo
531 4287 620 4352 tertio
641 4287 740 4373 pridie
760 4308 854 4353 nonas
881 4288 1032 4354 Octobris.
1062 4291 1158 4373 Regni
1181 4297 1279 4356 autem
1300 4296 1398 4359 nostri
1414 4316 1483 4361 anno

197 4433 199 4438 .
312 4395 426 4477 quarto.
