<?xml version="1.0" encoding="UTF-8"?>
<!DOCTYPE html PUBLIC "-//W3C//DTD XHTML 1.0 Transitional//EN"
    "http://www.w3.org/TR/xhtml1/DTD/xhtml1-transitional.dtd">
<html xmlns="http://www.w3.org/1999/xhtml" xml:lang="en" lang="en">
 <head>
  <title>
</title>
<meta http-equiv="Content-Type" content="text/html;charset=utf-8" />
  <meta name='ocr-system' content='tesseract 3.04.00' />
  <meta name='ocr-capabilities' content='ocr_page ocr_carea ocr_par ocr_line ocrx_word'/>
</head>
<body>
  <div class='ocr_page' id='page_1' title='image "./fontesrerumaust26kommgoog_0167.png"; bbox 0 0 3150 5092; ppageno 0'>
   <div class='ocr_carea' id='block_1_1' title="bbox 1246 247 1378 376">
    <p class='ocr_par' dir='ltr' id='par_1_1' title="bbox 1246 247 1378 376">
     <span class='ocr_line' id='line_1_1' title="bbox 1246 247 1378 376; baseline 0.008 -1"><span class='ocrx_word' id='word_1_1' title='bbox 1246 247 1378 376; x_wconf 21' lang='lat'><strong>73¹</strong></span> 
     </span>
    </p>
   </div>
   <div class='ocr_carea' id='block_1_2' title="bbox 100 480 1304 2721">
    <p class='ocr_par' dir='ltr' id='par_1_2' title="bbox 100 480 1304 2721">
     <span class='ocr_line' id='line_1_2' title="bbox 109 480 1299 569; baseline -0.005 -21"><span class='ocrx_word' id='word_1_2' title='bbox 109 484 244 549; x_wconf 89' lang='lat' dir='ltr'><strong>libertate</strong></span> <span class='ocrx_word' id='word_1_3' title='bbox 266 485 433 549; x_wconf 90' lang='lat' dir='ltr'><strong>eorundem</strong></span> <span class='ocrx_word' id='word_1_4' title='bbox 458 486 596 551; x_wconf 88' lang='lat' dir='ltr'><strong>obtentas</strong></span> <span class='ocrx_word' id='word_1_5' title='bbox 613 485 700 550; x_wconf 90' lang='lat' dir='ltr'><strong>nobis</strong></span> <span class='ocrx_word' id='word_1_6' title='bbox 718 485 918 551; x_wconf 83' lang='lat' dir='ltr'><strong>exbibuerunt</strong></span> <span class='ocrx_word' id='word_1_7' title='bbox 933 488 1073 569; x_wconf 85' lang='lat' dir='ltr'><strong>petentes</strong></span> <span class='ocrx_word' id='word_1_8' title='bbox 1089 503 1106 545; x_wconf 88' lang='lat' dir='ltr'><strong>a</strong></span> <span class='ocrx_word' id='word_1_9' title='bbox 1121 480 1209 544; x_wconf 90' lang='lat' dir='ltr'><strong>nobis</strong></span> <span class='ocrx_word' id='word_1_10' title='bbox 1225 498 1299 563; x_wconf 90' lang='lat' dir='ltr'><strong>sup·</strong></span> 
     </span>
     <span class='ocr_line' id='line_1_3' title="bbox 108 587 1298 679; baseline -0.005 -24"><span class='ocrx_word' id='word_1_11' title='bbox 108 592 225 676; x_wconf 75' lang='lat' dir='ltr'><strong>pliciter</strong></span> <span class='ocrx_word' id='word_1_12' title='bbox 238 597 270 656; x_wconf 92' lang='lat' dir='ltr'><strong>et</strong></span> <span class='ocrx_word' id='word_1_13' title='bbox 287 593 398 658; x_wconf 90' lang='lat' dir='ltr'><strong>deuote</strong></span> <span class='ocrx_word' id='word_1_14' title='bbox 414 599 446 658; x_wconf 92' lang='lat' dir='ltr'><strong>ut</strong></span> <span class='ocrx_word' id='word_1_15' title='bbox 461 596 557 679; x_wconf 87' lang='lat' dir='ltr'>ipsam</span> <span class='ocrx_word' id='word_1_16' title='bbox 573 593 743 658; x_wconf 88' lang='lat' dir='ltr'><strong>libertatem</strong></span> <span class='ocrx_word' id='word_1_17' title='bbox 760 595 876 659; x_wconf 90' lang='lat' dir='ltr'><strong>eisdem</strong></span> <span class='ocrx_word' id='word_1_18' title='bbox 888 597 993 658; x_wconf 88' lang='lat' dir='ltr'><strong>nostro</strong></span> <span class='ocrx_word' id='word_1_19' title='bbox 1009 590 1170 675; x_wconf 78' lang='lat' dir='ltr'><strong>priuilegio</strong></span> <span class='ocrx_word' id='word_1_20' title='bbox 1192 587 1298 671; x_wconf 80' lang='lat' dir='ltr'><strong>digna·</strong></span> 
     </span>
     <span class='ocr_line' id='line_1_4' title="bbox 107 696 1299 789; baseline -0.005 -27"><span class='ocrx_word' id='word_1_21' title='bbox 107 719 204 763; x_wconf 89' lang='lat' dir='ltr'><strong>remur</strong></span> <span class='ocrx_word' id='word_1_22' title='bbox 226 700 415 765; x_wconf 88' lang='lat' dir='ltr'><strong>confirmare.</strong></span> <span class='ocrx_word' id='word_1_23' title='bbox 440 702 502 765; x_wconf 91' lang='lat' dir='ltr'><strong>Nos</strong></span> <span class='ocrx_word' id='word_1_24' title='bbox 522 701 670 789; x_wconf 81' lang='lat' dir='ltr'>siquidem</span> <span class='ocrx_word' id='word_1_25' title='bbox 693 702 895 788; x_wconf 78' lang='lat' dir='ltr'><strong>peticionibus</strong></span> <span class='ocrx_word' id='word_1_26' title='bbox 914 699 1078 763; x_wconf 88' lang='lat' dir='ltr'><strong>eorundem</strong></span> <span class='ocrx_word' id='word_1_27' title='bbox 1093 696 1244 767; x_wconf 86' lang='lat' dir='ltr'><strong>inclinati,</strong></span> <span class='ocrx_word' id='word_1_28' title='bbox 1268 699 1299 757; x_wconf 87' lang='lat' dir='ltr'><strong>et</strong></span> 
     </span>
     <span class='ocr_line' id='line_1_5' title="bbox 107 802 1302 893; baseline -0.003 -24"><span class='ocrx_word' id='word_1_29' title='bbox 107 807 331 871; x_wconf 78' lang='lat' dir='ltr'><strong>ordinacionem</strong></span> <span class='ocrx_word' id='word_1_30' title='bbox 355 809 456 893; x_wconf 83' lang='lat' dir='ltr'><strong>Erney</strong></span> <span class='ocrx_word' id='word_1_31' title='bbox 478 809 548 873; x_wconf 89' lang='lat' dir='ltr'><strong>bani</strong></span> <span class='ocrx_word' id='word_1_32' title='bbox 575 810 650 874; x_wconf 88' lang='lat' dir='ltr'><strong>dicti</strong></span> <span class='ocrx_word' id='word_1_33' title='bbox 679 809 781 874; x_wconf 90' lang='lat' dir='ltr'><strong>dilecti</strong></span> <span class='ocrx_word' id='word_1_34' title='bbox 803 816 835 873; x_wconf 92' lang='lat' dir='ltr'><strong>et</strong></span> <span class='ocrx_word' id='word_1_35' title='bbox 857 809 955 872; x_wconf 90' lang='lat' dir='ltr'><strong>tidelis</strong></span> <span class='ocrx_word' id='word_1_36' title='bbox 976 807 1072 871; x_wconf 92' lang='lat' dir='ltr'><strong>nostri</strong></span> <span class='ocrx_word' id='word_1_37' title='bbox 1092 802 1302 870; x_wconf 88' lang='lat' dir='ltr'><strong>inuiolabiliter</strong></span> 
     </span>
     <span class='ocr_line' id='line_1_6' title="bbox 106 913 1301 1002; baseline -0.005 -24"><span class='ocrx_word' id='word_1_38' title='bbox 106 914 244 978; x_wconf 85' lang='lat' dir='ltr'><strong>uolentes</strong></span> <span class='ocrx_word' id='word_1_39' title='bbox 267 914 441 986; x_wconf 82' lang='lat' dir='ltr'><strong>observari,</strong></span> <span class='ocrx_word' id='word_1_40' title='bbox 471 916 606 980; x_wconf 83' lang='lat' dir='ltr'><strong>duximus</strong></span> <span class='ocrx_word' id='word_1_41' title='bbox 634 917 842 990; x_wconf 67' lang='lat' dir='ltr'><strong>annuendum</strong></span> <span class='ocrx_word' id='word_1_42' title='bbox 871 919 926 982; x_wconf 90' lang='lat' dir='ltr'><strong>sed</strong></span> <span class='ocrx_word' id='word_1_43' title='bbox 955 919 1024 1002; x_wconf 86' lang='lat' dir='ltr'><strong>quia</strong></span> <span class='ocrx_word' id='word_1_44' title='bbox 1048 914 1145 978; x_wconf 89' lang='lat' dir='ltr'><strong>series</strong></span> <span class='ocrx_word' id='word_1_45' title='bbox 1167 913 1301 995; x_wconf 87' lang='lat' dir='ltr'><strong>ipsarum</strong></span> 
     </span>
     <span class='ocr_line' id='line_1_7' title="bbox 104 1017 1300 1096; baseline -0.003 -12"><span class='ocrx_word' id='word_1_46' title='bbox 104 1021 258 1086; x_wconf 87' lang='lat' dir='ltr'><strong>literarum</strong></span> <span class='ocrx_word' id='word_1_47' title='bbox 292 1029 357 1086; x_wconf 87' lang='lat' dir='ltr'><strong>erat</strong></span> <span class='ocrx_word' id='word_1_48' title='bbox 384 1024 508 1096; x_wconf 89' lang='lat' dir='ltr'><strong>inutilis,</strong></span> <span class='ocrx_word' id='word_1_49' title='bbox 534 1025 572 1088; x_wconf 91' lang='lat' dir='ltr'><strong>de</strong></span> <span class='ocrx_word' id='word_1_50' title='bbox 589 1024 682 1088; x_wconf 88' lang='lat' dir='ltr'><strong>rerbo</strong></span> <span class='ocrx_word' id='word_1_51' title='bbox 699 1025 735 1088; x_wconf 88' lang='lat' dir='ltr'><strong>ad</strong></span> <span class='ocrx_word' id='word_1_52' title='bbox 758 1025 882 1090; x_wconf 86' lang='lat' dir='ltr'><strong>verbum</strong></span> <span class='ocrx_word' id='word_1_53' title='bbox 898 1024 992 1089; x_wconf 91' lang='lat' dir='ltr'><strong>scribi</strong></span> <span class='ocrx_word' id='word_1_54' title='bbox 1007 1043 1066 1086; x_wconf 93' lang='lat' dir='ltr'><strong>non</strong></span> <span class='ocrx_word' id='word_1_55' title='bbox 1082 1022 1227 1091; x_wconf 86' lang='lat' dir='ltr'><strong>lecimus;</strong></span> <span class='ocrx_word' id='word_1_56' title='bbox 1244 1017 1300 1082; x_wconf 87' lang='lat' dir='ltr'><strong>sed</strong></span> 
     </span>
     <span class='ocr_line' id='line_1_8' title="bbox 105 1128 1301 1216; baseline -0.003 -22"><span class='ocrx_word' id='word_1_57' title='bbox 105 1130 293 1194; x_wconf 78' lang='lat' dir='ltr'><strong>sentenciam</strong></span> <span class='ocrx_word' id='word_1_58' title='bbox 321 1130 457 1211; x_wconf 89' lang='lat' dir='ltr'><strong>ejusdem</strong></span> <span class='ocrx_word' id='word_1_59' title='bbox 486 1131 621 1196; x_wconf 83' lang='lat' dir='ltr'><strong>duximus</strong></span> <span class='ocrx_word' id='word_1_60' title='bbox 638 1132 839 1197; x_wconf 80' lang='lat' dir='ltr'><strong>inserendam.</strong></span> <span class='ocrx_word' id='word_1_61' title='bbox 865 1132 996 1214; x_wconf 82' lang='lat' dir='ltr'><strong>Quarum</strong></span> <span class='ocrx_word' id='word_1_62' title='bbox 1013 1129 1134 1216; x_wconf 87' lang='lat' dir='ltr'><strong>quidem</strong></span> <span class='ocrx_word' id='word_1_63' title='bbox 1151 1128 1301 1192; x_wconf 87' lang='lat' dir='ltr'><strong>sententia</strong></span> 
     </span>
     <span class='ocr_line' id='line_1_9' title="bbox 104 1233 1303 1321; baseline -0.003 -21"><span class='ocrx_word' id='word_1_64' title='bbox 104 1236 172 1300; x_wconf 85' lang='lat' dir='ltr'><strong>talis</strong></span> <span class='ocrx_word' id='word_1_65' title='bbox 202 1241 252 1300; x_wconf 90' lang='lat' dir='ltr'><strong>est</strong></span> <span class='ocrx_word' id='word_1_66' title='bbox 282 1237 363 1320; x_wconf 87' lang='lat' dir='ltr'><strong>qnod</strong></span> <span class='ocrx_word' id='word_1_67' title='bbox 390 1238 482 1302; x_wconf 90' lang='lat' dir='ltr'><strong>iidem</strong></span> <span class='ocrx_word' id='word_1_68' title='bbox 507 1238 642 1321; x_wconf 88' lang='lat' dir='ltr'><strong>hospites</strong></span> <span class='ocrx_word' id='word_1_69' title='bbox 670 1259 687 1302; x_wconf 89' lang='lat' dir='ltr'><strong>a</strong></span> <span class='ocrx_word' id='word_1_70' title='bbox 715 1239 925 1304; x_wconf 87' lang='lat' dir='ltr'><strong>iurisdictione</strong></span> <span class='ocrx_word' id='word_1_71' title='bbox 953 1238 1094 1305; x_wconf 89' lang='lat' dir='ltr'><strong>comitum</strong></span> <span class='ocrx_word' id='word_1_72' title='bbox 1121 1236 1160 1299; x_wconf 93' lang='lat' dir='ltr'><strong>de</strong></span> <span class='ocrx_word' id='word_1_73' title='bbox 1187 1233 1303 1308; x_wconf 79' lang='lat' dir='ltr'><strong>Zonub,</strong></span> 
     </span>
     <span class='ocr_line' id='line_1_10' title="bbox 109 1341 1302 1430; baseline -0.004 -22"><span class='ocrx_word' id='word_1_74' title='bbox 109 1344 267 1409; x_wconf 88' lang='lat' dir='ltr'><strong>curialium</strong></span> <span class='ocrx_word' id='word_1_75' title='bbox 285 1345 424 1409; x_wconf 88' lang='lat' dir='ltr'><strong>comitum</strong></span> <span class='ocrx_word' id='word_1_76' title='bbox 441 1352 472 1410; x_wconf 88' lang='lat' dir='ltr'><strong>et</strong></span> <span class='ocrx_word' id='word_1_77' title='bbox 484 1345 700 1428; x_wconf 82' lang='lat' dir='ltr'><strong>jobbagionnm</strong></span> <span class='ocrx_word' id='word_1_78' title='bbox 721 1347 856 1410; x_wconf 87' lang='lat' dir='ltr'><strong>eiusdem</strong></span> <span class='ocrx_word' id='word_1_79' title='bbox 868 1348 961 1412; x_wconf 88' lang='lat' dir='ltr'><strong>castri</strong></span> <span class='ocrx_word' id='word_1_80' title='bbox 981 1346 1102 1430; x_wconf 89' lang='lat' dir='ltr'><strong>penitus</strong></span> <span class='ocrx_word' id='word_1_81' title='bbox 1118 1344 1179 1408; x_wconf 87' lang='lat' dir='ltr'><strong>sint</strong></span> <span class='ocrx_word' id='word_1_82' title='bbox 1193 1341 1302 1406; x_wconf 81' lang='lat' dir='ltr'><strong>exemti</strong></span> 
     </span>
     <span class='ocr_line' id='line_1_11' title="bbox 106 1448 1302 1538; baseline -0.003 -23"><span class='ocrx_word' id='word_1_83' title='bbox 106 1454 156 1525; x_wconf 87' lang='lat' dir='ltr'><strong>ita,</strong></span> <span class='ocrx_word' id='word_1_84' title='bbox 173 1451 254 1536; x_wconf 83' lang='lat' dir='ltr'><strong>quod</strong></span> <span class='ocrx_word' id='word_1_85' title='bbox 269 1452 352 1534; x_wconf 91' lang='lat' dir='ltr'><strong>ipsos</strong></span> <span class='ocrx_word' id='word_1_86' title='bbox 369 1454 489 1516; x_wconf 89' lang='lat' dir='ltr'><strong>omnino</strong></span> <span class='ocrx_word' id='word_1_87' title='bbox 506 1473 564 1516; x_wconf 92' lang='lat' dir='ltr'><strong>non</strong></span> <span class='ocrx_word' id='word_1_88' title='bbox 581 1454 700 1538; x_wconf 88' lang='lat' dir='ltr'><strong>possint</strong></span> <span class='ocrx_word' id='word_1_89' title='bbox 714 1453 862 1526; x_wconf 90' lang='lat' dir='ltr'><strong>iudicare,</strong></span> <span class='ocrx_word' id='word_1_90' title='bbox 880 1455 934 1518; x_wconf 92' lang='lat' dir='ltr'><strong>sed</strong></span> <span class='ocrx_word' id='word_1_91' title='bbox 950 1454 1066 1518; x_wconf 89' lang='lat' dir='ltr'><strong>indicet</strong></span> <span class='ocrx_word' id='word_1_92' title='bbox 1081 1451 1204 1516; x_wconf 91' lang='lat' dir='ltr'><strong>eosdem</strong></span> <span class='ocrx_word' id='word_1_93' title='bbox 1221 1448 1302 1513; x_wconf 83' lang='lat' dir='ltr'><strong>rilli-</strong></span> 
     </span>
     <span class='ocr_line' id='line_1_12' title="bbox 104 1559 1302 1644; baseline -0.002 -20"><span class='ocrx_word' id='word_1_94' title='bbox 104 1581 158 1624; x_wconf 91' lang='lat' dir='ltr'><strong>cus</strong></span> <span class='ocrx_word' id='word_1_95' title='bbox 174 1563 322 1642; x_wconf 88' lang='lat' dir='ltr'><strong>ipsorum,</strong></span> <span class='ocrx_word' id='word_1_96' title='bbox 346 1579 402 1643; x_wconf 90' lang='lat' dir='ltr'><strong>pro</strong></span> <span class='ocrx_word' id='word_1_97' title='bbox 423 1566 561 1644; x_wconf 87' lang='lat' dir='ltr'><strong>tempore</strong></span> <span class='ocrx_word' id='word_1_98' title='bbox 585 1562 774 1635; x_wconf 88' lang='lat' dir='ltr'><strong>constitutus,</strong></span> <span class='ocrx_word' id='word_1_99' title='bbox 792 1562 823 1626; x_wconf 92' lang='lat' dir='ltr'><strong>iu</strong></span> <span class='ocrx_word' id='word_1_100' title='bbox 839 1565 939 1626; x_wconf 87' lang='lat' dir='ltr'><strong>causis</strong></span> <span class='ocrx_word' id='word_1_101' title='bbox 955 1561 1101 1634; x_wconf 88' lang='lat' dir='ltr'><strong>omnibus,</strong></span> <span class='ocrx_word' id='word_1_102' title='bbox 1123 1560 1204 1623; x_wconf 87' lang='lat' dir='ltr'><strong>inter</strong></span> <span class='ocrx_word' id='word_1_103' title='bbox 1217 1559 1302 1642; x_wconf 85' lang='lat' dir='ltr'><strong>ipsos</strong></span> 
     </span>
     <span class='ocr_line' id='line_1_13' title="bbox 103 1669 1301 1754; baseline -0.002 -23"><span class='ocrx_word' id='word_1_104' title='bbox 103 1669 234 1736; x_wconf 80' lang='lat' dir='ltr'><strong>exortis,</strong></span> <span class='ocrx_word' id='word_1_105' title='bbox 264 1686 370 1730; x_wconf 88' lang='lat' dir='ltr'><strong>causas</strong></span> <span class='ocrx_word' id='word_1_106' title='bbox 390 1671 488 1731; x_wconf 88' lang='lat' dir='ltr'><strong>autem</strong></span> <span class='ocrx_word' id='word_1_107' title='bbox 510 1689 584 1753; x_wconf 87' lang='lat' dir='ltr'><strong>quas</strong></span> <span class='ocrx_word' id='word_1_108' title='bbox 613 1670 769 1734; x_wconf 89' lang='lat' dir='ltr'><strong>commode</strong></span> <span class='ocrx_word' id='word_1_109' title='bbox 793 1691 850 1734; x_wconf 89' lang='lat' dir='ltr'><strong>non</strong></span> <span class='ocrx_word' id='word_1_110' title='bbox 873 1673 978 1754; x_wconf 89' lang='lat' dir='ltr'><strong>posset</strong></span> <span class='ocrx_word' id='word_1_111' title='bbox 998 1670 1179 1740; x_wconf 85' lang='lat' dir='ltr'><strong>terminare,</strong></span> <span class='ocrx_word' id='word_1_112' title='bbox 1197 1670 1301 1730; x_wconf 90' lang='lat' dir='ltr'><strong>nostro</strong></span> 
     </span>
     <span class='ocr_line' id='line_1_14' title="bbox 102 1774 1300 1859; baseline -0.002 -19"><span class='ocrx_word' id='word_1_113' title='bbox 102 1774 256 1859; x_wconf 83' lang='lat' dir='ltr'><strong>relinquat</strong></span> <span class='ocrx_word' id='word_1_114' title='bbox 274 1774 389 1855; x_wconf 89' lang='lat' dir='ltr'><strong>judicio</strong></span> <span class='ocrx_word' id='word_1_115' title='bbox 415 1774 610 1842; x_wconf 89' lang='lat' dir='ltr'><strong>decidendas.</strong></span> <span class='ocrx_word' id='word_1_116' title='bbox 635 1777 782 1841; x_wconf 82' lang='lat' dir='ltr'><strong>Similiter</strong></span> <span class='ocrx_word' id='word_1_117' title='bbox 803 1778 892 1842; x_wconf 88' lang='lat' dir='ltr'><strong>etiam</strong></span> <span class='ocrx_word' id='word_1_118' title='bbox 914 1797 1022 1841; x_wconf 88' lang='lat' dir='ltr'><strong>causas</strong></span> <span class='ocrx_word' id='word_1_119' title='bbox 1039 1783 1256 1847; x_wconf 81' lang='lat' dir='ltr'><strong>extraneorum,</strong></span> <span class='ocrx_word' id='word_1_120' title='bbox 1274 1776 1300 1838; x_wconf 90' lang='lat' dir='ltr'><strong>si</strong></span> 
     </span>
     <span class='ocr_line' id='line_1_15' title="bbox 102 1883 1303 1967; baseline -0.001 -20"><span class='ocrx_word' id='word_1_121' title='bbox 102 1883 219 1947; x_wconf 85' lang='lat' dir='ltr'><strong>ibidem</strong></span> <span class='ocrx_word' id='word_1_122' title='bbox 235 1883 350 1967; x_wconf 89' lang='lat' dir='ltr'><strong>aliquas</strong></span> <span class='ocrx_word' id='word_1_123' title='bbox 367 1883 522 1964; x_wconf 85' lang='lat' dir='ltr'><strong>contingat</strong></span> <span class='ocrx_word' id='word_1_124' title='bbox 537 1883 660 1957; x_wconf 87' lang='lat' dir='ltr'><strong>babere,</strong></span> <span class='ocrx_word' id='word_1_125' title='bbox 677 1885 757 1949; x_wconf 91' lang='lat' dir='ltr'><strong>idem</strong></span> <span class='ocrx_word' id='word_1_126' title='bbox 771 1884 892 1950; x_wconf 83' lang='lat' dir='ltr'><strong>villicus</strong></span> <span class='ocrx_word' id='word_1_127' title='bbox 907 1886 1005 1949; x_wconf 86' lang='lat' dir='ltr'><strong>valeat</strong></span> <span class='ocrx_word' id='word_1_128' title='bbox 1028 1885 1163 1949; x_wconf 89' lang='lat' dir='ltr'><strong>iudicare</strong></span> <span class='ocrx_word' id='word_1_129' title='bbox 1188 1888 1218 1946; x_wconf 89' lang='lat' dir='ltr'><strong>et</strong></span> <span class='ocrx_word' id='word_1_130' title='bbox 1244 1901 1303 1946; x_wconf 89' lang='lat' dir='ltr'><strong>uon</strong></span> 
     </span>
     <span class='ocr_line' id='line_1_16' title="bbox 103 1989 1302 2056; baseline -0.001 -2"><span class='ocrx_word' id='word_1_131' title='bbox 103 1991 191 2054; x_wconf 92' lang='lat' dir='ltr'><strong>alius.</strong></span> <span class='ocrx_word' id='word_1_132' title='bbox 217 1991 289 2053; x_wconf 92' lang='lat' dir='ltr'><strong>ltem</strong></span> <span class='ocrx_word' id='word_1_133' title='bbox 310 1992 391 2053; x_wconf 84' lang='lat' dir='ltr'><strong>iuxta</strong></span> <span class='ocrx_word' id='word_1_134' title='bbox 417 1989 588 2053; x_wconf 89' lang='lat' dir='ltr'><strong>libertatem</strong></span> <span class='ocrx_word' id='word_1_135' title='bbox 620 1992 658 2056; x_wconf 92' lang='lat' dir='ltr'><strong>de</strong></span> <span class='ocrx_word' id='word_1_136' title='bbox 689 1992 803 2056; x_wconf 90' lang='lat' dir='ltr'><strong>Zolocb</strong></span> <span class='ocrx_word' id='word_1_137' title='bbox 836 2003 867 2056; x_wconf 88' lang='lat' dir='ltr'><strong>et</strong></span> <span class='ocrx_word' id='word_1_138' title='bbox 897 1993 1037 2056; x_wconf 86' lang='lat' dir='ltr'><strong>Zatbmar</strong></span> <span class='ocrx_word' id='word_1_139' title='bbox 1066 1993 1104 2056; x_wconf 88' lang='lat' dir='ltr'><strong>ad</strong></span> <span class='ocrx_word' id='word_1_140' title='bbox 1135 1992 1302 2055; x_wconf 82' lang='lat' dir='ltr'><strong>exercitum</strong></span> 
     </span>
     <span class='ocr_line' id='line_1_17' title="bbox 102 2097 1302 2168; baseline 0 -7"><span class='ocrx_word' id='word_1_141' title='bbox 102 2105 241 2162; x_wconf 89' lang='lat' dir='ltr'><strong>nostrum</strong></span> <span class='ocrx_word' id='word_1_142' title='bbox 264 2097 380 2168; x_wconf 88' lang='lat' dir='ltr'><strong>uenire,</strong></span> <span class='ocrx_word' id='word_1_143' title='bbox 405 2103 434 2160; x_wconf 92' lang='lat' dir='ltr'><strong>et</strong></span> <span class='ocrx_word' id='word_1_144' title='bbox 456 2097 614 2163; x_wconf 87' lang='lat' dir='ltr'><strong>nobiscum</strong></span> <span class='ocrx_word' id='word_1_145' title='bbox 636 2101 827 2165; x_wconf 84' lang='lat' dir='ltr'><strong>exercituare</strong></span> <span class='ocrx_word' id='word_1_146' title='bbox 847 2103 1016 2164; x_wconf 87' lang='lat' dir='ltr'><strong>teneantur.</strong></span> <span class='ocrx_word' id='word_1_147' title='bbox 1048 2099 1087 2164; x_wconf 88' lang='lat' dir='ltr'><strong>Ut</strong></span> <span class='ocrx_word' id='word_1_148' title='bbox 1117 2105 1216 2163; x_wconf 89' lang='lat' dir='ltr'><strong>autem</strong></span> <span class='ocrx_word' id='word_1_149' title='bbox 1245 2097 1302 2161; x_wconf 89' lang='lat' dir='ltr'><strong>bec</strong></span> 
     </span>
     <span class='ocr_line' id='line_1_18' title="bbox 101 2205 1298 2290; baseline -0.001 -21"><span class='ocrx_word' id='word_1_150' title='bbox 101 2208 238 2290; x_wconf 88' lang='lat' dir='ltr'><strong>ipsorum</strong></span> <span class='ocrx_word' id='word_1_151' title='bbox 257 2205 381 2269; x_wconf 89' lang='lat' dir='ltr'><strong>libertas</strong></span> <span class='ocrx_word' id='word_1_152' title='bbox 407 2206 490 2268; x_wconf 89' lang='lat' dir='ltr'><strong>salua</strong></span> <span class='ocrx_word' id='word_1_153' title='bbox 514 2226 634 2290; x_wconf 80' lang='lat' dir='ltr'><strong>semper</strong></span> <span class='ocrx_word' id='word_1_154' title='bbox 657 2213 832 2290; x_wconf 87' lang='lat' dir='ltr'><strong>permaneat</strong></span> <span class='ocrx_word' id='word_1_155' title='bbox 846 2214 877 2271; x_wconf 90' lang='lat' dir='ltr'><strong>et</strong></span> <span class='ocrx_word' id='word_1_156' title='bbox 893 2208 1091 2278; x_wconf 87' lang='lat' dir='ltr'><strong>inconcussa,</strong></span> <span class='ocrx_word' id='word_1_157' title='bbox 1120 2225 1176 2270; x_wconf 93' lang='lat' dir='ltr'><strong>nec</strong></span> <span class='ocrx_word' id='word_1_158' title='bbox 1199 2206 1298 2288; x_wconf 92' lang='lat' dir='ltr'><strong>impo-</strong></span> 
     </span>
     <span class='ocr_line' id='line_1_19' title="bbox 101 2314 1304 2399; baseline -0.002 -22"><span class='ocrx_word' id='word_1_159' title='bbox 101 2319 217 2378; x_wconf 87' lang='lat' dir='ltr'><strong>sterum</strong></span> <span class='ocrx_word' id='word_1_160' title='bbox 234 2333 291 2397; x_wconf 90' lang='lat' dir='ltr'><strong>per</strong></span> <span class='ocrx_word' id='word_1_161' title='bbox 307 2315 477 2398; x_wconf 87' lang='lat' dir='ltr'><strong>qnempiam</strong></span> <span class='ocrx_word' id='word_1_162' title='bbox 499 2314 599 2378; x_wconf 90' lang='lat' dir='ltr'><strong>ualeat</strong></span> <span class='ocrx_word' id='word_1_163' title='bbox 626 2316 750 2388; x_wconf 87' lang='lat' dir='ltr'><strong>uiolari,</strong></span> <span class='ocrx_word' id='word_1_164' title='bbox 775 2320 935 2399; x_wconf 85' lang='lat' dir='ltr'><strong>presentes</strong></span> <span class='ocrx_word' id='word_1_165' title='bbox 959 2321 1078 2378; x_wconf 68' lang='lat' dir='ltr'><strong>noscas</strong></span> <span class='ocrx_word' id='word_1_166' title='bbox 1095 2314 1213 2378; x_wconf 89' lang='lat' dir='ltr'><strong>eisdem</strong></span> <span class='ocrx_word' id='word_1_167' title='bbox 1229 2331 1304 2376; x_wconf 88' lang='lat' dir='ltr'><strong>con·</strong></span> 
     </span>
     <span class='ocr_line' id='line_1_20' title="bbox 102 2419 1302 2505; baseline -0.002 -19"><span class='ocrx_word' id='word_1_168' title='bbox 102 2423 254 2486; x_wconf 85' lang='lat' dir='ltr'><strong>cessimus</strong></span> <span class='ocrx_word' id='word_1_169' title='bbox 271 2421 402 2503; x_wconf 90' lang='lat' dir='ltr'><strong>duplicis</strong></span> <span class='ocrx_word' id='word_1_170' title='bbox 419 2419 510 2502; x_wconf 83' lang='lat' dir='ltr'><strong>sigilli</strong></span> <span class='ocrx_word' id='word_1_171' title='bbox 526 2425 621 2485; x_wconf 82' lang='lat' dir='ltr'><strong>nostri</strong></span> <span class='ocrx_word' id='word_1_172' title='bbox 636 2423 800 2486; x_wconf 90' lang='lat' dir='ltr'><strong>munimine</strong></span> <span class='ocrx_word' id='word_1_173' title='bbox 815 2422 981 2488; x_wconf 90' lang='lat' dir='ltr'><strong>roboratas.</strong></span> <span class='ocrx_word' id='word_1_174' title='bbox 1007 2423 1114 2487; x_wconf 87' lang='lat' dir='ltr'><strong>Datum</strong></span> <span class='ocrx_word' id='word_1_175' title='bbox 1126 2441 1182 2505; x_wconf 89' lang='lat' dir='ltr'><strong>per</strong></span> <span class='ocrx_word' id='word_1_176' title='bbox 1197 2440 1302 2484; x_wconf 86' lang='lat' dir='ltr'><strong>manus</strong></span> 
     </span>
     <span class='ocr_line' id='line_1_21' title="bbox 100 2528 1300 2613; baseline -0.002 -20"><span class='ocrx_word' id='word_1_177' title='bbox 100 2528 241 2611; x_wconf 79' lang='lat' dir='ltr'><strong>magistri</strong></span> <span class='ocrx_word' id='word_1_178' title='bbox 262 2528 439 2601; x_wconf 87' lang='lat' dir='ltr'><strong>Benedicti,</strong></span> <span class='ocrx_word' id='word_1_179' title='bbox 476 2529 624 2613; x_wconf 87' lang='lat' dir='ltr'><strong>prepositi</strong></span> <span class='ocrx_word' id='word_1_180' title='bbox 646 2529 862 2603; x_wconf 87' lang='lat' dir='ltr'><strong>Scibiniensis‚</strong></span> <span class='ocrx_word' id='word_1_181' title='bbox 890 2531 958 2595; x_wconf 89' lang='lat' dir='ltr'><strong>aule</strong></span> <span class='ocrx_word' id='word_1_182' title='bbox 985 2534 1087 2594; x_wconf 88' lang='lat' dir='ltr'><strong>nostre</strong></span> <span class='ocrx_word' id='word_1_183' title='bbox 1108 2529 1300 2593; x_wconf 81' lang='lat' dir='ltr'><strong>vicecancel-</strong></span> 
     </span>
     <span class='ocr_line' id='line_1_22' title="bbox 101 2636 954 2721; baseline 0 -21"><span class='ocrx_word' id='word_1_184' title='bbox 101 2637 180 2701; x_wconf 89' lang='lat' dir='ltr'><strong>larii.</strong></span> <span class='ocrx_word' id='word_1_185' title='bbox 207 2639 291 2700; x_wconf 83' lang='lat' dir='ltr'><strong>Anno</strong></span> <span class='ocrx_word' id='word_1_186' title='bbox 308 2636 456 2701; x_wconf 90' lang='lat' dir='ltr'><strong>dominice</strong></span> <span class='ocrx_word' id='word_1_187' title='bbox 468 2636 687 2702; x_wconf 86' lang='lat' dir='ltr'><strong>incarnacionis</strong></span> <span class='ocrx_word' id='word_1_188' title='bbox 702 2638 837 2703; x_wconf 78' lang='lat' dir='ltr'><strong>Mcccx</strong></span> <span class='ocrx_word' id='word_1_189' title='bbox 849 2640 954 2721; x_wconf 91' lang='lat' dir='ltr'><strong>primo.</strong></span> 
     </span>
    </p>
   </div>
   <div class='ocr_carea' id='block_1_3' title="bbox 638 2842 772 3016">
    <p class='ocr_par' dir='ltr' id='par_1_3' title="bbox 638 2842 772 3016">
     <span class='ocr_line' id='line_1_23' title="bbox 638 2842 772 2913; baseline -0.007 -2"><span class='ocrx_word' id='word_1_190' title='bbox 638 2842 772 2913; x_wconf 81' lang='lat' dir='ltr'><strong>Llllllll.</strong></span> 
     </span>
     <span class='ocr_line' id='line_1_24' title="bbox 665 2959 743 3016; baseline 0.013 -4"><span class='ocrx_word' id='word_1_191' title='bbox 665 2959 743 3016; x_wconf 78' lang='lat' dir='ltr'><strong>rara.</strong></span> 
     </span>
    </p>
   </div>
   <div class='ocr_carea' id='block_1_4' title="bbox 74 3067 1306 4552">
    <p class='ocr_par' dir='ltr' id='par_1_4' title="bbox 74 3067 1306 4552">
     <span class='ocr_line' id='line_1_25' title="bbox 194 3067 1298 3152; baseline 0.001 -22"><span class='ocrx_word' id='word_1_192' title='bbox 194 3069 365 3152; x_wconf 89' lang='lat' dir='ltr'><strong>Stephanus</strong></span> <span class='ocrx_word' id='word_1_193' title='bbox 394 3069 452 3132; x_wconf 88' lang='lat' dir='ltr'><strong>Dei</strong></span> <span class='ocrx_word' id='word_1_194' title='bbox 483 3073 579 3150; x_wconf 85' lang='lat' dir='ltr'><strong>gratia</strong></span> <span class='ocrx_word' id='word_1_195' title='bbox 609 3089 661 3132; x_wconf 80' lang='lat' dir='ltr'><strong>rex</strong></span> <span class='ocrx_word' id='word_1_196' title='bbox 687 3069 907 3152; x_wconf 84' lang='lat' dir='ltr'><strong>primogenitus</strong></span> <span class='ocrx_word' id='word_1_197' title='bbox 941 3068 1067 3132; x_wconf 89' lang='lat' dir='ltr'><strong>illustris</strong></span> <span class='ocrx_word' id='word_1_198' title='bbox 1100 3067 1185 3150; x_wconf 79' lang='lat' dir='ltr'><strong>regis</strong></span> <span class='ocrx_word' id='word_1_199' title='bbox 1218 3069 1298 3131; x_wconf 90' lang='lat' dir='ltr'><strong>llun·</strong></span> 
     </span>
     <span class='ocr_line' id='line_1_26' title="bbox 102 3173 1305 3260; baseline -0.003 -20"><span class='ocrx_word' id='word_1_200' title='bbox 102 3179 207 3260; x_wconf 86' lang='lat' dir='ltr'><strong>garie,</strong></span> <span class='ocrx_word' id='word_1_201' title='bbox 237 3176 296 3239; x_wconf 84' lang='lat' dir='ltr'><strong>dux</strong></span> <span class='ocrx_word' id='word_1_202' title='bbox 318 3175 530 3242; x_wconf 80' lang='lat' dir='ltr'><strong>&#39;l&#39;ransilvanns</strong></span> <span class='ocrx_word' id='word_1_203' title='bbox 559 3181 590 3240; x_wconf 91' lang='lat' dir='ltr'><strong>et</strong></span> <span class='ocrx_word' id='word_1_204' title='bbox 617 3176 754 3240; x_wconf 87' lang='lat' dir='ltr'><strong>dominus</strong></span> <span class='ocrx_word' id='word_1_205' title='bbox 783 3176 997 3249; x_wconf 82' lang='lat' dir='ltr'><strong>Cumanorum,</strong></span> <span class='ocrx_word' id='word_1_206' title='bbox 1025 3174 1163 3240; x_wconf 90' lang='lat' dir='ltr'><strong>omnibus</strong></span> <span class='ocrx_word' id='word_1_207' title='bbox 1191 3173 1305 3239; x_wconf 82' lang='lat' dir='ltr'><strong>christi</strong></span> 
     </span>
     <span class='ocr_line' id='line_1_27' title="bbox 103 3283 1303 3368; baseline -0.003 -19"><span class='ocrx_word' id='word_1_208' title='bbox 103 3284 247 3349; x_wconf 83' lang='lat' dir='ltr'><strong>fidelibus</strong></span> <span class='ocrx_word' id='word_1_209' title='bbox 268 3302 395 3367; x_wconf 87' lang='lat' dir='ltr'><strong>presens</strong></span> <span class='ocrx_word' id='word_1_210' title='bbox 420 3284 564 3366; x_wconf 87' lang='lat' dir='ltr'><strong>scriptum</strong></span> <span class='ocrx_word' id='word_1_211' title='bbox 592 3286 775 3368; x_wconf 89' lang='lat' dir='ltr'><strong>inspecturis</strong></span> <span class='ocrx_word' id='word_1_212' title='bbox 800 3284 927 3349; x_wconf 90' lang='lat' dir='ltr'><strong>salutem</strong></span> <span class='ocrx_word' id='word_1_213' title='bbox 951 3285 981 3347; x_wconf 89' lang='lat' dir='ltr'><strong>in</strong></span> <span class='ocrx_word' id='word_1_214' title='bbox 999 3284 1126 3348; x_wconf 90' lang='lat' dir='ltr'><strong>omnium</strong></span> <span class='ocrx_word' id='word_1_215' title='bbox 1143 3283 1303 3347; x_wconf 83' lang='lat' dir='ltr'><strong>salvatore.</strong></span> 
     </span>
     <span class='ocr_line' id='line_1_28' title="bbox 104 3391 1304 3476; baseline -0.001 -21"><span class='ocrx_word' id='word_1_216' title='bbox 104 3393 151 3456; x_wconf 82' lang='lat' dir='ltr'><strong>Ad</strong></span> <span class='ocrx_word' id='word_1_217' title='bbox 169 3393 377 3456; x_wconf 86' lang='lat' dir='ltr'><strong>universorum</strong></span> <span class='ocrx_word' id='word_1_218' title='bbox 394 3391 530 3456; x_wconf 87' lang='lat' dir='ltr'><strong>notitiam</strong></span> <span class='ocrx_word' id='word_1_219' title='bbox 543 3393 647 3457; x_wconf 90' lang='lat' dir='ltr'><strong>harum</strong></span> <span class='ocrx_word' id='word_1_220' title='bbox 663 3395 745 3456; x_wconf 91' lang='lat' dir='ltr'><strong>serie</strong></span> <span class='ocrx_word' id='word_1_221' title='bbox 766 3391 903 3457; x_wconf 86' lang='lat' dir='ltr'><strong>volumus</strong></span> <span class='ocrx_word' id='word_1_222' title='bbox 920 3391 1092 3475; x_wconf 84' lang='lat' dir='ltr'><strong>pervenire,</strong></span> <span class='ocrx_word' id='word_1_223' title='bbox 1114 3392 1193 3476; x_wconf 90' lang='lat' dir='ltr'><strong>quod</strong></span> <span class='ocrx_word' id='word_1_224' title='bbox 1215 3411 1304 3455; x_wconf 90' lang='lat' dir='ltr'><strong>acce-</strong></span> 
     </span>
     <span class='ocr_line' id='line_1_29' title="bbox 103 3499 1301 3584; baseline -0.002 -21"><span class='ocrx_word' id='word_1_225' title='bbox 103 3501 212 3564; x_wconf 86' lang='lat' dir='ltr'><strong>dentes</strong></span> <span class='ocrx_word' id='word_1_226' title='bbox 231 3499 267 3562; x_wconf 91' lang='lat' dir='ltr'><strong>ad</strong></span> <span class='ocrx_word' id='word_1_227' title='bbox 284 3504 416 3562; x_wconf 88' lang='lat' dir='ltr'><strong>nostram</strong></span> <span class='ocrx_word' id='word_1_228' title='bbox 433 3501 617 3584; x_wconf 87' lang='lat' dir='ltr'><strong>presentiam</strong></span> <span class='ocrx_word' id='word_1_229' title='bbox 634 3501 772 3583; x_wconf 87' lang='lat' dir='ltr'><strong>hospites</strong></span> <span class='ocrx_word' id='word_1_230' title='bbox 789 3501 828 3564; x_wconf 89' lang='lat' dir='ltr'><strong>de</strong></span> <span class='ocrx_word' id='word_1_231' title='bbox 843 3503 996 3572; x_wconf 83' lang='lat' dir='ltr'><strong>Deceoer,</strong></span> <span class='ocrx_word' id='word_1_232' title='bbox 1018 3505 1156 3583; x_wconf 88' lang='lat' dir='ltr'><strong>petentes</strong></span> <span class='ocrx_word' id='word_1_233' title='bbox 1173 3520 1190 3561; x_wconf 88' lang='lat' dir='ltr'><strong>a</strong></span> <span class='ocrx_word' id='word_1_234' title='bbox 1214 3499 1301 3562; x_wconf 89' lang='lat' dir='ltr'><strong>nobis</strong></span> 
     </span>
     <span class='ocr_line' id='line_1_30' title="bbox 104 3606 1304 3690; baseline -0.003 -18"><span class='ocrx_word' id='word_1_235' title='bbox 104 3607 261 3672; x_wconf 90' lang='lat' dir='ltr'><strong>humiliter</strong></span> <span class='ocrx_word' id='word_1_236' title='bbox 281 3610 313 3668; x_wconf 91' lang='lat' dir='ltr'><strong>et</strong></span> <span class='ocrx_word' id='word_1_237' title='bbox 335 3606 446 3672; x_wconf 84' lang='lat' dir='ltr'><strong>devote</strong></span> <span class='ocrx_word' id='word_1_238' title='bbox 470 3611 503 3670; x_wconf 90' lang='lat' dir='ltr'><strong>ut</strong></span> <span class='ocrx_word' id='word_1_239' title='bbox 525 3607 696 3672; x_wconf 90' lang='lat' dir='ltr'><strong>libertatem</strong></span> <span class='ocrx_word' id='word_1_240' title='bbox 720 3629 735 3671; x_wconf 90' lang='lat' dir='ltr'><strong>a</strong></span> <span class='ocrx_word' id='word_1_241' title='bbox 758 3607 830 3674; x_wconf 87' lang='lat' dir='ltr'><strong>Bela</strong></span> <span class='ocrx_word' id='word_1_242' title='bbox 851 3608 1028 3671; x_wconf 85' lang='lat' dir='ltr'><strong>charissimo</strong></span> <span class='ocrx_word' id='word_1_243' title='bbox 1049 3614 1137 3690; x_wconf 87' lang='lat' dir='ltr'><strong>patre</strong></span> <span class='ocrx_word' id='word_1_244' title='bbox 1153 3613 1255 3672; x_wconf 88' lang='lat' dir='ltr'><strong>nostro</strong></span> <span class='ocrx_word' id='word_1_245' title='bbox 1273 3611 1304 3670; x_wconf 90' lang='lat' dir='ltr'><strong>et</strong></span> 
     </span>
     <span class='ocr_line' id='line_1_31' title="bbox 104 3715 1303 3798; baseline -0.001 -19"><span class='ocrx_word' id='word_1_246' title='bbox 104 3720 201 3779; x_wconf 89' lang='lat' dir='ltr'><strong>metas</strong></span> <span class='ocrx_word' id='word_1_247' title='bbox 227 3718 376 3778; x_wconf 90' lang='lat' dir='ltr'><strong>terrarum</strong></span> <span class='ocrx_word' id='word_1_248' title='bbox 398 3715 495 3779; x_wconf 91' lang='lat' dir='ltr'><strong>eidem</strong></span> <span class='ocrx_word' id='word_1_249' title='bbox 518 3715 692 3779; x_wconf 88' lang='lat' dir='ltr'><strong>donatarum</strong></span> <span class='ocrx_word' id='word_1_250' title='bbox 714 3720 817 3779; x_wconf 89' lang='lat' dir='ltr'><strong>nostro</strong></span> <span class='ocrx_word' id='word_1_251' title='bbox 834 3716 1028 3796; x_wconf 82' lang='lat' dir='ltr'><strong>dignaremur</strong></span> <span class='ocrx_word' id='word_1_252' title='bbox 1049 3715 1210 3798; x_wconf 83' lang='lat' dir='ltr'><strong>privilegio</strong></span> <span class='ocrx_word' id='word_1_253' title='bbox 1233 3735 1303 3780; x_wconf 91' lang='lat' dir='ltr'><strong>con-</strong></span> 
     </span>
     <span class='ocr_line' id='line_1_32' title="bbox 108 3821 1305 3908; baseline -0.002 -22"><span class='ocrx_word' id='word_1_254' title='bbox 108 3823 248 3886; x_wconf 81' lang='lat' dir='ltr'><strong>firmare:</strong></span> <span class='ocrx_word' id='word_1_255' title='bbox 272 3840 359 3904; x_wconf 88' lang='lat' dir='ltr'><strong>quam</strong></span> <span class='ocrx_word' id='word_1_256' title='bbox 388 3821 426 3886; x_wconf 92' lang='lat' dir='ltr'><strong>ob</strong></span> <span class='ocrx_word' id='word_1_257' title='bbox 449 3843 512 3886; x_wconf 89' lang='lat' dir='ltr'><strong>rem</strong></span> <span class='ocrx_word' id='word_1_258' title='bbox 537 3823 691 3908; x_wconf 90' lang='lat' dir='ltr'><strong>proprium</strong></span> <span class='ocrx_word' id='word_1_259' title='bbox 720 3829 767 3887; x_wconf 92' lang='lat' dir='ltr'><strong>est</strong></span> <span class='ocrx_word' id='word_1_260' title='bbox 793 3825 880 3905; x_wconf 83' lang='lat' dir='ltr'><strong>regie</strong></span> <span class='ocrx_word' id='word_1_261' title='bbox 901 3821 1050 3904; x_wconf 90' lang='lat' dir='ltr'><strong>majestati</strong></span> <span class='ocrx_word' id='word_1_262' title='bbox 1073 3823 1216 3906; x_wconf 87' lang='lat' dir='ltr'><strong>precibus</strong></span> <span class='ocrx_word' id='word_1_263' title='bbox 1232 3842 1305 3886; x_wconf 89' lang='lat' dir='ltr'><strong>con·</strong></span> 
     </span>
     <span class='ocr_line' id='line_1_33' title="bbox 105 3929 1303 4013; baseline -0.002 -20"><span class='ocrx_word' id='word_1_264' title='bbox 105 3929 298 3993; x_wconf 86' lang='lat' dir='ltr'><strong>descendere</strong></span> <span class='ocrx_word' id='word_1_265' title='bbox 328 3930 531 4003; x_wconf 88' lang='lat' dir='ltr'><strong>subditorum,</strong></span> <span class='ocrx_word' id='word_1_266' title='bbox 556 3935 589 3994; x_wconf 90' lang='lat' dir='ltr'><strong>ut</strong></span> <span class='ocrx_word' id='word_1_267' title='bbox 613 3951 755 3995; x_wconf 89' lang='lat' dir='ltr'><strong>numerus</strong></span> <span class='ocrx_word' id='word_1_268' title='bbox 777 3929 909 3994; x_wconf 83' lang='lat' dir='ltr'><strong>bdelium</strong></span> <span class='ocrx_word' id='word_1_269' title='bbox 937 3937 1098 4013; x_wconf 85' lang='lat' dir='ltr'><strong>augeatur,</strong></span> <span class='ocrx_word' id='word_1_270' title='bbox 1128 3932 1160 3992; x_wconf 89' lang='lat' dir='ltr'><strong>et</strong></span> <span class='ocrx_word' id='word_1_271' title='bbox 1189 3929 1303 4012; x_wconf 83' lang='lat' dir='ltr'><strong>regalis</strong></span> 
     </span>
     <span class='ocr_line' id='line_1_34' title="bbox 104 4021 1304 4122; baseline -0.002 -22"><span class='ocrx_word' id='word_1_272' title='bbox 104 4036 240 4122; x_wconf 89' lang='lat' dir='ltr'><strong>potentia</strong></span> <span class='ocrx_word' id='word_1_273' title='bbox 259 4034 346 4099; x_wconf 90' lang='lat' dir='ltr'><strong>latius</strong></span> <span class='ocrx_word' id='word_1_274' title='bbox 364 4037 543 4102; x_wconf 83' lang='lat' dir='ltr'><strong>extendatur</strong></span> <span class='ocrx_word' id='word_1_275' title='bbox 557 4077 597 4086; x_wconf 90' lang='lat'><strong>-</strong></span> <span class='ocrx_word' id='word_1_276' title='bbox 616 4038 655 4102; x_wconf 94' lang='lat' dir='ltr'><strong>ob</strong></span> <span class='ocrx_word' id='word_1_277' title='bbox 671 4037 729 4103; x_wconf 90' lang='lat' dir='ltr'><strong>boc</strong></span> <span class='ocrx_word' id='word_1_278' title='bbox 747 4021 1026 4102; x_wconf 88' lang='lat' dir='ltr'><strong>condescendentes</strong></span> <span class='ocrx_word' id='word_1_279' title='bbox 1042 4036 1188 4120; x_wconf 89' lang='lat' dir='ltr'><strong>precibus</strong></span> <span class='ocrx_word' id='word_1_280' title='bbox 1201 4056 1304 4099; x_wconf 88' lang='lat' dir='ltr'><strong>eorum</strong></span> 
     </span>
     <span class='ocr_line' id='line_1_35' title="bbox 107 4144 1306 4228; baseline -0.002 -21"><span class='ocrx_word' id='word_1_281' title='bbox 107 4144 279 4208; x_wconf 87' lang='lat' dir='ltr'><strong>libertatem</strong></span> <span class='ocrx_word' id='word_1_282' title='bbox 305 4147 438 4228; x_wconf 89' lang='lat' dir='ltr'><strong>ipsorum</strong></span> <span class='ocrx_word' id='word_1_283' title='bbox 461 4145 675 4210; x_wconf 82' lang='lat' dir='ltr'><strong>inviolabiliter</strong></span> <span class='ocrx_word' id='word_1_284' title='bbox 699 4145 836 4211; x_wconf 86' lang='lat' dir='ltr'><strong>volentes</strong></span> <span class='ocrx_word' id='word_1_285' title='bbox 859 4146 1031 4215; x_wconf 82' lang='lat' dir='ltr'><strong>observare,</strong></span> <span class='ocrx_word' id='word_1_286' title='bbox 1053 4151 1086 4209; x_wconf 91' lang='lat' dir='ltr'><strong>ut</strong></span> <span class='ocrx_word' id='word_1_287' title='bbox 1107 4164 1124 4207; x_wconf 88' lang='lat' dir='ltr'><strong>a</strong></span> <span class='ocrx_word' id='word_1_288' title='bbox 1142 4144 1257 4226; x_wconf 91' lang='lat' dir='ltr'><strong>jndicio</strong></span> <span class='ocrx_word' id='word_1_289' title='bbox 1275 4148 1306 4206; x_wconf 89' lang='lat' dir='ltr'><strong>et</strong></span> 
     </span>
     <span class='ocr_line' id='line_1_36' title="bbox 74 4250 1305 4335; baseline -0.003 -19"><span class='ocrx_word' id='word_1_290' title='bbox 74 4323 75 4326; x_wconf 8' lang='grc' dir='ltr'><strong>Ἴ</strong></span> <span class='ocrx_word' id='word_1_291' title='bbox 102 4251 315 4335; x_wconf 88' lang='lat' dir='ltr'><strong>jurisdictione</strong></span> <span class='ocrx_word' id='word_1_292' title='bbox 340 4253 534 4334; x_wconf 87' lang='lat' dir='ltr'><strong>rajrodarum</strong></span> <span class='ocrx_word' id='word_1_293' title='bbox 552 4253 690 4317; x_wconf 89' lang='lat' dir='ltr'><strong>comitum</strong></span> <span class='ocrx_word' id='word_1_294' title='bbox 713 4253 752 4316; x_wconf 91' lang='lat' dir='ltr'><strong>de</strong></span> <span class='ocrx_word' id='word_1_295' title='bbox 769 4253 893 4326; x_wconf 79' lang='lat' dir='ltr'><strong>Zolml,</strong></span> <span class='ocrx_word' id='word_1_296' title='bbox 918 4273 953 4316; x_wconf 91' lang='lat' dir='ltr'><strong>ac</strong></span> <span class='ocrx_word' id='word_1_297' title='bbox 975 4251 1189 4334; x_wconf 83' lang='lat' dir='ltr'><strong>jobbagionum</strong></span> <span class='ocrx_word' id='word_1_298' title='bbox 1212 4250 1305 4313; x_wconf 85' lang='lat' dir='ltr'><strong>castri</strong></span> 
     </span>
     <span class='ocr_line' id='line_1_37' title="bbox 105 4357 1306 4444; baseline -0.004 -20"><span class='ocrx_word' id='word_1_299' title='bbox 105 4360 228 4444; x_wconf 88' lang='lat' dir='ltr'><strong>penitus</strong></span> <span class='ocrx_word' id='word_1_300' title='bbox 246 4359 308 4423; x_wconf 84' lang='lat' dir='ltr'><strong>rint</strong></span> <span class='ocrx_word' id='word_1_301' title='bbox 324 4361 465 4444; x_wconf 84' lang='lat' dir='ltr'><strong>exempti,</strong></span> <span class='ocrx_word' id='word_1_302' title='bbox 483 4363 582 4426; x_wconf 88' lang='lat' dir='ltr'><strong>necin</strong></span> <span class='ocrx_word' id='word_1_303' title='bbox 596 4361 699 4424; x_wconf 89' lang='lat' dir='ltr'><strong>eadem</strong></span> <span class='ocrx_word' id='word_1_304' title='bbox 717 4360 785 4425; x_wconf 86' lang='lat' dir='ltr'><strong>villa</strong></span> <span class='ocrx_word' id='word_1_305' title='bbox 799 4361 979 4425; x_wconf 88' lang='lat' dir='ltr'><strong>descensum</strong></span> <span class='ocrx_word' id='word_1_306' title='bbox 992 4359 1108 4423; x_wconf 88' lang='lat' dir='ltr'><strong>babere</strong></span> <span class='ocrx_word' id='word_1_307' title='bbox 1124 4358 1241 4420; x_wconf 85' lang='lat' dir='ltr'><strong>valeant</strong></span> <span class='ocrx_word' id='word_1_308' title='bbox 1257 4357 1306 4421; x_wconf 86' lang='lat' dir='ltr'><strong>vel</strong></span> 
     </span>
     <span class='ocr_line' id='line_1_38' title="bbox 107 4463 1306 4552; baseline -0.003 -19"><span class='ocrx_word' id='word_1_309' title='bbox 107 4468 235 4552; x_wconf 80' lang='lat' dir='ltr'><strong>possint,</strong></span> <span class='ocrx_word' id='word_1_310' title='bbox 254 4467 355 4532; x_wconf 88' lang='lat' dir='ltr'><strong>sedin</strong></span> <span class='ocrx_word' id='word_1_311' title='bbox 372 4467 438 4532; x_wconf 88' lang='lat' dir='ltr'><strong>loeo</strong></span> <span class='ocrx_word' id='word_1_312' title='bbox 458 4468 550 4532; x_wconf 87' lang='lat' dir='ltr'><strong>castri</strong></span> <span class='ocrx_word' id='word_1_313' title='bbox 570 4467 757 4532; x_wconf 87' lang='lat' dir='ltr'><strong>descendant</strong></span> <span class='ocrx_word' id='word_1_314' title='bbox 780 4472 811 4531; x_wconf 87' lang='lat' dir='ltr'><strong>et</strong></span> <span class='ocrx_word' id='word_1_315' title='bbox 829 4470 1061 4532; x_wconf 87' lang='lat' dir='ltr'><strong>commorentur.</strong></span> <span class='ocrx_word' id='word_1_316' title='bbox 1079 4465 1185 4529; x_wconf 90' lang='lat' dir='ltr'><strong>Omnia</strong></span> <span class='ocrx_word' id='word_1_317' title='bbox 1196 4463 1306 4547; x_wconf 87' lang='lat' dir='ltr'><strong>juditia</strong></span> 
     </span>
    </p>
   </div>
   <div class='ocr_carea' id='block_1_5' title="bbox 0 0 1580 5092">
    <p class='ocr_par' dir='ltr' id='par_1_5' title="bbox 0 0 1580 5092">
     <span class='ocr_line' id='line_1_39' title="bbox 0 0 1580 5092; baseline 0 1"><span class='ocrx_word' id='word_1_318' title='bbox 0 0 1580 5092; x_wconf 95' lang='lat' dir='ltr'><strong> </strong></span> 
     </span>
    </p>
   </div>
  </div>
 </body>
</html>
