3150 5092
601 317 705 388 46

599 491 758 554 bone
811 491 1118 555 memorie.
1172 493 1235 558 0.
1287 490 1749 574 predecessoris
1793 493 2023 562 nostri,
2075 490 2330 554 habetur
2398 491 2796 573 inscriptum,
2877 488 2982 551 tibi

601 599 982 685 privilegium
1017 598 1460 669 confirmamus,
1515 618 1691 682 quam
1750 601 1932 663 etiam
1972 601 2143 682 regie
2190 599 2400 662 domus
2447 599 2801 661 officialium
2845 617 2982 680 pre-

598 707 832 789 positos
867 706 1106 771 vinculo
1163 706 1907 788 anathematis-alligandi,
1954 713 2017 769 et
2059 707 2119 768 in
2153 709 2353 769 causis
2385 705 2801 788 spiritualibus
2834 705 2984 767 iudi-

597 816 793 886 candi,
857 816 1094 898 plenam
1157 819 1221 878 et
1280 813 1564 876 illibatam
1626 818 1785 877 tuam
1829 815 2265 876 fraternitatem
2321 792 2545 877 babere
2595 813 2980 876 decernimus

597 927 979 1005 potestatem.
1029 922 1115 984 lta
1148 908 1479 1005 siquidem,
1534 928 1602 984 ut
1633 922 1829 984 nullus
1860 921 2186 1001 Hungarici
2219 921 2397 1002 regni
2430 921 2833 1002 prelatorum,
2871 919 2982 981 nisi

594 1035 660 1093 tu
693 1029 891 1102 solus,
941 1031 1097 1093 sieut
1128 1030 1304 1091 etiam
1358 1029 1418 1091 in
1463 1028 1634 1108 regia
1683 1027 2403 1100 concessione'habetur,
2452 1027 2626 1092 beate
2694 1029 2982 1090 memorie

601 1140 1100 1220 predecessorum
1158 1141 1497 1200 nostrorum
1555 1135 1879 1198 Alexandri
1944 1139 2299 1200 auctoritate
2376 1143 2435 1200 et
2500 1136 2833 1199 coelestini
2914 1155 2982 1197 ac

605 1252 801 1308 nestra
846 1251 945 1307 tue
988 1243 1251 1309 ecclesie
1285 1243 1631 1307 confirmata
1664 1243 1824 1307 idem
1858 1246 2247 1327 presentione
2280 1243 2439 1329 (sic)
2466 1243 2735 1330 qualibet
2767 1243 2986 1306 audeat

597 1360 910 1416 attentare.
973 1353 1120 1416 Cum
1160 1357 1357 1413 autem
1404 1351 1664 1414 ecclesia
1712 1350 2238 1415 Theutonicorum
2284 1351 2878 1437 Ultrasylvanorum
2924 1351 2983 1410 in

601 1462 1037 1544 preposituram
1075 1460 1155 1521 sit
1198 1457 1448 1521 liberam
1481 1458 1783 1529 instituta,
1830 1465 1891 1520 et
1923 1459 2177 1530 eisdem,
2210 1458 2424 1544 quibus
2457 1458 2572 1523 alie
2603 1459 2986 1542 prepositure

601 1572 862 1636 exeunte,
919 1565 1212 1640 libertatis
1258 1565 1595 1655 insignibus
1652 1565 1960 1637 redimita,
2028 1570 2090 1628 et
2152 1586 2284 1629 eam
2347 1567 2687 1630 authentico
2750 1565 2982 1649 scripto

597 1674 920 1736 recolende
975 1673 1260 1736 memorie
1314 1674 1379 1735 B.
1439 1693 1546 1734 rex
1606 1673 1906 1753 Hungarie
1974 1673 2301 1737 studuerit·
2336 1676 2736 1744 communire,
2809 1692 2980 1756 quam

597 1781 1029 1846 etiem-felicis
1079 1781 1362 1844 memorie
1396 1778 1749 1872 Gregorius,
1808 1781 2033 1844 Sancte
2083 1781 2274 1843 Marie
2305 1781 2367 1844 in
2409 1784 2646 1863 porticu
2692 1781 2986 1844 diaconus

601 1888 955 1961 eerdinalis,
1034 1895 1174 1953 tunc
1228 1888 1299 1961 ,in
1361 1887 1632 1970 partibus
1696 1887 2003 1968 Hungarie
2066 1886 2399 1971 apostolice
2461 1890 2626 1953 sedis
2717 1888 2986 1969 legatus,

601 1999 899 2080 privilegii
957 1998 1051 2060 sui
1107 1997 1429 2060 munimine
1506 2001 1569 2058 et
1631 1995 1963 2077 apostolica
2023 1995 2401 2079 postmodum
2462 1996 2791 2060 auctoritas
2844 2016 2990 2059 conv-

601 2105 874 2177 firmanit,
930 2104 1197 2167 eamdem
1252 2104 1687 2166 institutionem
1749 2108 1938 2166 ratam
1998 2103 2326 2175 habentes,
2382 2104 2751 2187 precipimus
2796 2103 2990 2166 nostri

601 2211 846 2292 registri
889 2213 1048 2275 serie
1082 2211 1396 2282 contineri,
1452 2210 1705 2294 perenni
1748 2211 2029 2273 memoria
2086 2210 2451 2274 duraturum.
2500 2211 2660 2275 Nulli
2714 2229 2869 2292 ergo
2903 2245 2990 2255 —-

605 2328 808 2380 nesti-e
840 2318 1307 2382 confirmationis
1334 2324 1396 2382 et
1429 2318 1874 2383 constitutionis
1907 2319 2265 2398 infringere,
2308 2319 2376 2382 Si
2402 2320 2534 2404 quis
2561 2325 2759 2382 autem
2787 2355 2879 2365 ·-—
2905 2353 2991 2364 ——

605 2428 814 2492 Datum
859 2428 1140 2490 Laterani
1171 2427 1270 2491 IV.
1304 2427 1420 2490 kal.
1457 2426 1674 2490 Martii.
1724 2426 2111 2491 pontificatus
2145 2428 2337 2491 nostri
2367 2448 2517 2491 anno
2551 2429 2648 2493 IV.

1684 2627 1902 2699 XLIV.

1455 2782 1621 2846 1231,
1658 2784 1749 2838 26.
1786 2783 1917 2854 Apr.
1956 2783 1998 2836 n
2016 2798 2129 2836 om.

785 2910 1116 2994 Gregorius
1149 2949 1238 2959 —
1268 2913 1336 2975 A.
1370 2911 1588 2975 illustri
1621 2913 1756 2992 regi
1802 2913 2103 2992 Hungarie
2147 2949 2232 2958 -
2280 2911 2373 2974 Ne
2405 2930 2589 2992 super
2618 2909 2989 2992 priuilegiis‚

605 3044 721 3104 que
757 3020 994 3082 dilectis
1031 3019 1164 3082 filiis
1203 3056 1282 3067 -
1317 3020 1605 3102 magistro
1629 3026 1704 3112 ‚et
1736 3020 2021 3083 fratribus
2055 3021 2263 3083 domus
2294 3019 2654 3105 Hospitalis
2681 3018 2749 3082 S.
2777 3017 2992 3081 Marie

613 3128 1138 3192 Tirentonicorum
1188 3128 1735 3212 Jerosolymitani,
1805 3129 1886 3192 de
1940 3134 2118 3191 terra
2166 3129 2399 3192 Bortze
2460 3126 2766 3189 concessit
2814 3125 2991 3204 regia

605 3236 899 3300 *celsitudo
943 3235 1137 3299 valeat
1185 3235 1574 3299 dubitationis
1627 3236 1944 3317 serupulus
1990 3235 2270 3311 suboriri,
2315 3236 2447 3317 ipsa
2481 3232 2701 3316 inspici
2732 3232 2990 3295 fecimus

605 3344 952 3424 diligenter,
995 3363 1316 3427 eorumque
1348 3351 1622 3407 tenorem
1658 3344 1733 3407 de
1765 3343 1949 3406 verbo
1986 3344 2057 3406 ad
2094 3341 2341 3406 verbum
2371 3341 2759 3425 presentibus
2795 3358 2991 3402 anno-

601 3460 785 3516 tatum
835 3451 946 3514 sub
994 3451 1150 3515 bulla
1191 3457 1398 3515 nostra
1444 3452 1554 3514 tibi
1602 3451 1868 3514 duximus
1915 3451 2351 3515 destinandum.
2403 3450 2520 3532 Qui
2567 3454 2664 3513 est
2690 3448 2865 3511 talis:
2925 3449 2987 3510 In

605 3564 839 3624 nemine
894 3558 1070 3645 (vide
1113 3560 1189 3622 ad
1229 3559 1684 3643 πωπω-1211,
1741 3565 1803 3622 et
1853 3558 2085 3643 1212).
2152 3559 2325 3623 Vnde
2381 3559 2653 3621 districte
2707 3557 2986 3639 precipio

609 3668 903 3738 erunibus,
936 3673 1230 3750 quatenus
1265 3665 1460 3729 nullus
1495 3672 1802 3749 presumat
1835 3667 1911 3729 de
1946 3671 2151 3731 cetero
2186 3667 2379 3729 dictos
2434 3664 2769 3728 cruciferos
2804 3682 2990 3747 super

609 3775 765 3836 dieto
816 3780 1015 3837 castro
1074 3779 1135 3837 et
1195 3775 1382 3858 pratis
1437 3775 1793 3857 prohibere,
1858 3775 1952 3838 vel
2015 3775 2352 3838 molestare.
2426 3772 2643 3835 Datum
2698 3771 2988 3835 Laterani

605 3888 777 3944 sexte
808 3880 1096 3945 kalendas
1131 3883 1292 3965 Maji.
1319 3883 1705 3948 Pontificatus
1740 3884 1935 3960 nostri
1968 3903 2123 3946 anno
2150 3883 2220 3946 V.

1699 4085 1890 4156 XLV.

1461 4238 1624 4302 1231,
1661 4241 1753 4294 30.
1790 4239 1921 4309 Apr.
1962 4238 2133 4291 Rom.

789 4367 1123 4448 Gregorius
1156 4401 1244 4411 —
1275 4367 1340 4428 A.
1385 4364 1607 4429 illustri
1670 4366 1805 4446 regi
1861 4365 2183 4448 Hungarie.
2218 4400 2306 4410 —
2351 4364 2483 4427 Etsi
2529 4365 2672 4428 nihil
2708 4371 2990 4448 prestare

609 4493 922 4556 pessumus
975 4472 1238 4545 domino,
1291 4473 1407 4536 nisi
1452 4495 1582 4549 sua,
1648 4476 1750 4558 qui
1798 4473 2213 4558 dispositionis
2268 4474 2514 4555 proprie
2547 4473 2990 4558 beneplacitum

3136 1680 3138 1693 -
3133 1514 3138 1670 —-.—-
3131 1296 3138 1481 .————.h—

3106 4416 3138 5071 Q———ss—
3136 4367 3138 4371 Δ
3137 4255 3138 4332 A&
