3150 5092
809 605 931 674 CXLV.

663 739 747 802 laer,
765 740 793 794 d.
812 741 965 794 December.
985 742 1083 794 Gran.

371 867 543 932 Venerabili
566 870 596 931 in
625 865 744 932 Christo
775 869 855 952 patri
887 867 922 931 P.
944 868 995 931 dei
1026 868 1130 950 gracia
1160 868 1309 953 episcopo
1341 867 1482 931 'l'ransil-

279 993 354 1038 uano
372 974 467 1039 amico
484 996 538 1040 sno
555 975 723 1047 kadssimn,
736 975 952 1048 bodomarius,
967 975 1170 1040 miseracione
1186 975 1297 1047 diuina,
1319 974 1480 1056 archiepi-

280 1101 390 1164 scopus
407 1089 513 1146 sancte
530 1083 750 1165 strigoniensis
773 1084 918 1155 ecclesie,
942 1083 1139 1166 eiusdemque
1160 1081 1220 1148 loci
1241 1103 1347 1146 comes
1364 1101 1480 1165 perpe·

281 1194 366 1261 tuus,
383 1186 414 1252 in
432 1189 487 1253 hac
503 1195 592 1273 parte
607 1211 624 1252 a
641 1190 715 1254 sede
731 1191 913 1274 apostolica,
931 1197 961 1254 et
977 1193 1107 1255 omnium
1124 1191 1320 1254 cardinalium
1338 1190 1479 1270 ejusdem

281 1297 364 1359 sedis
392 1297 481 1362 iudex
508 1297 683 1380 delegatus,
706 1303 836 1361 mutuam
853 1300 883 1361 in
899 1298 1019 1362 domino
1037 1299 1204 1362 caritatem.
1226 1299 1359 1362 Nouerit
1373 1302 1479 1361 uestra

281 1405 448 1468 reserenda
485 1405 666 1489 paternitas,
697 1425 751 1468 nos
788 1407 946 1488 recepisse
978 1405 1083 1469 literas
1120 1405 1202 1468 sedis
1238 1405 1413 1488 apostolice
1449 1410 1483 1467 et

281 1512 495 1576 venerabilium
525 1519 658 1596 patrum,
698 1514 835 1595 ejusdem
872 1514 957 1578 sedis
989 1515 1184 1578 cardinalium
1212 1515 1244 1575 in
1279 1514 1338 1576 hec
1367 1513 1480 1577 rerba:

281 1617 429 1682 llonorius
458 1624 516 1683 etc.
528 1616 568 1702 ¹).
608 1619 680 1683 ltem
714 1620 833 1683 litteras
865 1619 955 1684 eliam
987 1619 1202 1684 venerabilium
1240 1628 1358 1704 patrum
1392 1627 1482 1683 cetus

281 1725 474 1790 cardinalium
502 1727 558 1790 sub
584 1727 689 1790 eadem
718 1730 828 1799 torma,
866 1728 967 1790 verbis
994 1731 1204 1811 competenter
1230 1729 1355 1790 mutatis
1388 1747 1479 1792 rece·

281 1833 394 1917 pimus;
422 1839 559 1898 tenorem
586 1835 755 1899 huiusmodi
785 1837 991 1899 continentes:
1026 1836 1224 1898 lliseratione
1248 1835 1352 1897 divina
1378 1833 1482 1919 elea).

281 1941 319 2003 Et
347 1943 416 2024 quia
444 1945 549 2006 eedem
572 1943 685 2015 littere,
710 1944 791 2006 lecte
812 1945 842 2006 in
864 1943 1109 2024 congregacione
1125 1945 1214 2023 regni
1230 1945 1350 2006 nouiter
1366 1942 1483 2014 habita,

282 2067 348 2112 cnm
364 2069 468 2136 sumpa
485 2051 663 2114 reuerenoia
686 2057 756 2114 sunt
771 2057 913 2133 recepte,
937 2050 1111 2135 placuitque
1132 2051 1317 2113 uniuersitati
1343 2049 1483 2132 prelato·

280 2175 346 2218 rum
362 2157 490 2219 omnium
508 2162 537 2221 et
555 2159 713 2230 baronum,
745 2178 802 2222 nec
819 2177 875 2222 non
892 2164 924 2221 et
940 2158 1099 2234 nobilium,
1121 2156 1204 2220 Bude
1220 2157 1481 2229 conuenientium,

280 2268 312 2325 vt
326 2264 386 2346 ipsi
402 2270 566 2347 prouentus
588 2266 741 2348 reginales
764 2270 823 2329 tam
846 2267 877 2328 in
893 2265 1128 2329 tricesimalibus
1144 2265 1232 2336 locis,
1248 2285 1336 2349 quam
1354 2268 1385 2327 in
1401 2267 1482 2329 telo-

281 2371 339 2434 niis
357 2376 388 2434 et
403 2373 534 2445 tributis,
548 2374 689 2438 censibus
703 2381 733 2436 et
746 2375 900 2455 terragiis,
912 2375 991 2437 iuxta
1005 2376 1093 2454 regni
1105 2373 1354 2437 consuetudinem
1367 2393 1483 2456 appro-

278 2479 393 2552 batam,
421 2483 469 2545 cui
491 2484 582 2547 etiam
604 2483 710 2546 eedem
733 2483 836 2546 littere
858 2484 941 2546 sedis
961 2482 1131 2566 apostolice
1154 2489 1186 2545 et
1203 2481 1401 2544 cardinalium
1418 2483 1479 2544 ini-

279 2592 392 2660 tuntur,
415 2589 494 2652 sicut
520 2596 608 2653 tenor
624 2609 743 2661 earum,
766 2591 897 2652 insertus
921 2589 1126 2673 presentibus,
1143 2589 1326 2659 manifestat,
1343 2588 1479 2651 debeant

281 2715 348 2758 cum
363 2696 538 2777 integritate
554 2697 621 2760 sine
637 2697 878 2760 contradictione
894 2696 1031 2781 qualibet
1048 2696 1194 2759 exhiberi.
1219 2697 1258 2758 ut
1280 2717 1372 2780 quum
1392 2698 1479 2760 eius·

281 2803 350 2866 dem
373 2808 568 2868 sacrosancte
589 2803 687 2874 sedis,
714 2811 744 2866 et
768 2803 982 2866 venerabilium
999 2808 1117 2886 patrum
1134 2804 1319 2867 dominorum
1336 2798 1480 2867 cardina-

280 2912 351 2976 lium
380 2911 564 2982 mandatum,
594 2911 708 2995 pariter
734 2918 766 2975 et
789 2916 984 2993 preceptum,
1014 2929 1082 2973 cum
1109 2929 1214 2992 sumpa
1237 2913 1421 2974 reuereucia
1446 2918 1477 2975 et

281 3018 415 3080 enactcia
445 3015 526 3102 (sic)
549 3017 692 3100 prosequi
720 3036 774 3079 nos
797 3022 927 3099 oportet.
961 3016 1109 3098 Exigente
1131 3017 1189 3079 hoc
1217 3017 1315 3099 ipsum
1338 3018 1478 3081 eiusdem

284 3230 366 3315 quid,
375 3233 453 3315 quod
467 3233 600 3296 venustis
618 3233 683 3295 eius
700 3230 832 3294 moribus
849 3236 881 3294 et
897 3231 1033 3294 exlrimiis
1046 3231 1172 3301 actibus,
1186 3249 1253 3313 ymo
1266 3231 1369 3293 verius
1383 3252 1477 3294 vene·

283 3340 387 3402 rabilis
404 3317 672 3422 vite'passionibus
696 3340 794 3402 valeat
809 3340 969 3422 imputari;
996 3338 1158 3402 amiciciam
1182 3344 1316 3401 vestram
1337 3337 1478 3402 duximus

281 3447 475 3511 affectuosius
504 3447 730 3531 requirendam,
763 3449 942 3511 auctoritate
974 3447 1057 3510 sedis
1091 3444 1261 3529 apostolice
1298 3450 1477 3528 paternitati

282 3558 383 3618 vestre
411 3553 597 3616 confidenter
619 3573 686 3618 oum
714 3555 891 3618 reuerencia
918 3555 1123 3637 imponentes,
1152 3558 1300 3634 quatenus
1317 3572 1432 3616 census
1448 3561 1478 3616 et

281 3659 410 3731 tributa,
434 3661 532 3723 eidem
554 3660 673 3723 domiue
689 3663 797 3742 regine
814 3660 1043 3743 proueniencia,
1059 3659 1089 3721 in
1108 3659 1246 3721 districtu
1263 3659 1301 3720 de
1317 3658 1476 3727 Beaterce.

281 3772 341 3830 tam
358 3768 514 3850 incapite,
532 3787 619 3851 qnam
635 3768 665 3829 in
683 3767 826 3830 membris
843 3766 1065 3852 pertinentibus
1082 3767 1216 3837 eosdem,
1240 3771 1272 3828 et
1296 3766 1364 3828 iura
1383 3769 1476 3831 omnia

283 3895 318 3938 ac
346 3875 472 3948 tributa,
501 3876 669 3938 monicione
692 3877 849 3958 premissa,
879 3881 910 3938 et
933 3875 1113 3939 induecione
1139 3862 1292 3956 paternali
1306 3875 1475 3956 prehabito,

281 3983 460 4047 officialibus
479 3982 614 4047 eiusdem
643 3982 761 4045 domine
783 3984 891 4064 regine
915 3982 1059 4045 latoribus
1081 3981 1285 4063 presencium,
1310 4001 1475 4064 procurare

315 4319 340 4379 ¹)
358 4318 474 4364 Honorius
489 4321 554 4376 traigt
570 4321 621 4364 dem
639 4320 779 4366 llrzbiselrol
792 4333 837 4365 von
854 4323 917 4366 Gran
933 4321 981 4374 eui,
998 4319 1036 4364 ter
1051 4319 1090 4365 die
1107 4319 1233 4378 Belreieug
1249 4321 1293 4364 der
1309 4320 1414 4380 lldnigin
1430 4331 1471 4364 aus

357 4402 409 4444 dem
426 4400 565 4458 Golangnias
581 4400 628 4446 und
642 4400 680 4446 die
696 4401 822 4460 lldckgabe
837 4401 903 4444 ihrer
920 4401 992 4445 Gdter
1008 4401 1086 4458 thitig
1102 4413 1131 4444 aa
1147 4398 1207 4444 sein.

315 4477 340 4539 ⁹)
357 4479 398 4524 Dia
416 4480 583 4526 cardinalem
600 4482 644 4528 den
660 4481 801 4526 ldrabiscbol
814 4493 861 4526 ron
877 4481 939 4525 Gran
957 4480 1081 4526 desselben
1099 4480 1194 4525 lnhalte.
