3150 5092
1196 397 1243 468 17

32 573 236 637 amissionem
251 573 475 658 privilegiorum
491 591 613 636 suorum
630 573 845 637 monasterium
860 572 959 654 ipsum
978 570 1099 654 penitus
1121 570 1242 635 destru-

38 683 126 753 atur,
174 686 302 763 paterna
333 680 391 744 sibi
422 679 616 764 dignaremur
651 679 856 744 sollicitudine
898 677 1075 762 provider03
1116 677 1246 742 faciente

38 787 90 848 eis
119 808 176 851 sue
199 787 348 850 libertatis
364 787 556 870 privilegium
572 789 722 860 renovari,
751 792 782 851 et
801 787 840 850 de
856 785 1003 871 predictis
1021 785 1138 866 injuriis
1151 784 1244 865 justi-

32 895 112 958 tiam
148 893 298 959 exhiberi.
328 895 476 976 Quocirca
507 894 685 958 discretioni
718 899 821 957 vestre
847 912 904 976 per
928 892 1094 975 apostolica
1127 894 1242 976 scripta

36 1001 187 1066 districte
209 1001 405 1084 precipiendo
433 999 617 1090 mandamus,
640 1006 786 1084 quatenus
808 1002 934 1077 vocatis,
961 999 1013 1082 qui
1035 1000 1148 1064 fuerint
1170 1019 1244 1064 ero·

38 1109 151 1181 candi,
184 1113 216 1172 et
245 1109 387 1193 inquisita
409 1129 503 1192 super
524 1109 681 1191 premissis
706 1108 843 1172 omnibus
864 1108 985 1190 plenius
1012 1107 1156 1181 ueritate,
1184 1128 1244 1193 que

36 1217 241 1289 inveneritis,
273 1217 351 1280 intra
382 1220 510 1302 quatuor
536 1236 656 1281 menses
686 1222 757 1300 post
785 1217 1011 1300 susceptionem
1045 1217 1244 1298 presentium,

37 1324 157 1388 restris
173 1324 260 1389 uobis
276 1324 384 1388 litteris
405 1323 538 1388 fideliter
554 1325 710 1398 intimetis,
729 1325 916 1410 prefigentes
933 1323 1067 1407 partibus
1083 1325 1243 1390 terminum

39 1434 280 1515 competentem,
313 1450 371 1515 quo
399 1437 504 1495 nostro
536 1433 715 1516 conspectui
738 1453 795 1515 per
816 1452 861 1504 se,
892 1432 941 1495 vel
958 1452 1013 1517 per
1028 1436 1244 1516 procuratores

37 1539 173 1603 idoneos
196 1543 425 1624 representem,
449 1539 529 1625 quod
553 1540 710 1623 superbis
728 1540 934 1613 statuerimus,
961 1542 1127 1625 recepturi.
1157 1541 1242 1624 Quod

39 1648 69 1709 si
97 1667 162 1711 non
190 1667 374 1710 omnes
394 1647 604 1711 nonobstante
628 1649 844 1712 constitutione
861 1648 981 1712 concilii
997 1649 1160 1731 generalis,
1184 1667 1243 1732 quo

40 1759 172 1819 cavetur
201 1775 239 1817 ne
261 1755 328 1840 quis
351 1755 428 1819 ultra
453 1754 527 1818 duas
557 1755 655 1819 dietas
681 1761 764 1818 extra
787 1775 869 1818 suam
887 1757 1050 1820 dioecesim
1068 1776 1123 1840 per
1138 1756 1243 1820 literas

39 1863 231 1946 apostolicas
261 1861 298 1924 ad
321 1861 469 1944 judicium
495 1861 575 1924 trahi
602 1865 708 1946 possit.
733 1862 842 1926 Datum
865 1862 1008 1927 Laterani
1024 1863 1062 1926 Xl
1091 1863 1150 1927 hal.
1168 1864 1244 1928 Julii
1350 1856 1353 1861 ⁴

38 1969 239 2053 pontificatus
257 1970 353 2033 nostri
369 1990 447 2033 anno
464 1973 559 2034 sexto.

591 2152 703 2226 xviii.

605 2287 684 2342 raca.

135 2400 169 2462 ln
194 2399 313 2462 nomine
345 2403 451 2462 sancte
482 2403 513 2462 et
543 2398 697 2463 individue
719 2398 875 2463 trinitatis.
906 2397 1042 2461 Andreas
1066 2398 1123 2464 Dei
1144 2399 1243 2481 gratia

40 2507 191 2587 Ungarie‚
210 2507 371 2580 Dalmacie‚
387 2507 528 2581 Croacie,
545 2509 647 2580 Rome,
666 2508 783 2579 Seruis,
799 2506 1173 2590 Galicie,hodomerieqne
1188 2528 1243 2571 rex

42 2617 75 2679 in
92 2619 285 2700 perpetuum.
316 2615 399 2678 lnter
425 2616 538 2698 regalis
571 2614 750 2679 excellentie
783 2614 925 2695 insignia,
948 2613 1056 2697 quibus
1084 2613 1248 2677 recolenda

42 2723 194 2786 memoria
210 2727 434 2787 antecessorum
447 2728 618 2786 nostrorum
630 2723 805 2804 insignitur,
818 2721 891 2785 illud
905 2719 1104 2785 excellentius
1117 2725 1148 2784 et
1164 2742 1248 2785 com-

45 2829 250 2893 mendabilius
267 2851 322 2913 pre
339 2831 451 2893 ceteris
467 2832 627 2903 invenitur,
645 2828 893 2894 commendandis
916 2828 1086 2912 hospitibus
1107 2829 1248 2912 largioris

44 2937 264 3021 hospitalitatis
283 2938 435 3001 dexteram
452 2940 622 3021 porrigere,
640 2957 764 3020 quorum
788 2937 978 3000 conservatio
1003 2941 1034 3000 et
1055 2935 1137 2999 utilis
1154 2956 1249 3018 regno

45 3046 248 3128 dignoscitur,
267 3051 298 3107 et
313 3046 377 3109 Deo
394 3065 465 3108 esso
482 3044 726 3109 commendabilis
742 3045 907 3129 reperitur.
931 3044 1006 3107 llinc
1028 3047 1085 3115 est,
1103 3043 1183 3126 quod
1198 3043 1249 3128 pie

44 3154 270 3218 recordationis
283 3159 441 3236 pareutum
459 3158 626 3218 nostrorum
637 3153 766 3235 uestigia
783 3173 838 3235 pro
849 3152 1002 3215 desiderio
1018 3151 1248 3234 amplectentes,

46 3271 78 3325 et
107 3267 215 3326 eterne
237 3261 298 3325 rite
320 3261 454 3325 bravium
479 3282 545 3325 cum
574 3263 618 3324 eis
646 3264 716 3343 post
739 3259 892 3342 presentis
911 3261 970 3323 vite
991 3279 1111 3322 cursum
1134 3280 1246 3342 appre-

45 3368 186 3458 hendere
218 3369 390 3451 cupientes,
437 3369 638 3439 Hermanno,
688 3368 830 3448 magistro
868 3365 1015 3447 religiose
1053 3365 1248 3428 fraternitatis

44 3476 208 3560 hospitalis
240 3477 360 3541 Sancto
387 3475 491 3540 Murio
528 3475 795 3540 Tbcutorsr‘eorum
827 3472 1071 3555 lerosolymitani
1103 3473 1246 3536 fratribus

45 3589 107 3648 tarn
129 3583 325 3668 presentibus
350 3603 436 3667 quam
459 3583 568 3646 futuris
585 3584 717 3646 caritatis
733 3583 839 3645 intuitu
857 3585 970 3644 terram
987 3583 1096 3645 Burro
1115 3579 1247 3650 nornine,

46 3692 127 3755 ultra
144 3691 255 3773 sylvas,
280 3711 387 3753 versus
415 3678 582 3761 Cumanos,
616 3689 689 3753 licet
712 3690 865 3753 desertam
890 3692 921 3750 et
941 3688 1151 3760 inhabitatam,
1175 3708 1249 3751 cun-

47 3799 173 3863 tulimus
202 3797 328 3881 pacilice
352 3798 573 3861 inhabitandam
598 3804 629 3861 et
649 3799 875 3882 inperpetuum
902 3795 1001 3860 libere
1025 3796 1248 3879 possidendam,

48 3913 81 3972 ut
97 3911 130 3970 et
145 3925 272 3987 reguum
289 3925 345 3990 per
366 3909 624 3969 conversationem
642 3927 746 3969 eorum
762 3912 960 3990 propagatum
977 3902 1117 3966 dilatetur
1134 3907 1166 3965 et
1181 3904 1248 3966 ele·

48 4035 175 4099 mosyna
197 4020 300 4076 nostra
322 4033 379 4098 per
405 4014 571 4078 orationem
594 4033 698 4078 eorum
723 4014 760 4078 ad
783 4013 948 4077 remedium
971 4013 1068 4075 anime
1091 4017 1195 4076 nostre
1218 4016 1249 4075 et

47 4127 209 4207 pareutum
225 4129 393 4186 nostrorum
410 4140 513 4185 coram
529 4141 643 4186 summo
657 4121 722 4186 Deo
737 4123 924 4204 deportetur.
952 4120 1097 4183 Preterea
1114 4121 1158 4182 eis
1176 4140 1250 4183 con-

47 4230 209 4300 cessimus,
225 4228 349 4312 quodsi
366 4249 469 4293 aurum
490 4230 539 4294 vel
556 4235 715 4312 argentum
726 4232 757 4293 in
773 4229 914 4312 predicta
930 4233 1012 4291 terra
1024 4228 1121 4290 Burza
1139 4227 1248 4292 inuen-

47 4343 110 4401 tum
135 4336 238 4408 fuerit,
260 4337 361 4399 media
377 4357 448 4420 pars
471 4337 508 4399 ad
533 4337 638 4401 fiscum
655 4338 773 4420 regium
796 4356 852 4420 per
874 4354 977 4398 manus
994 4336 1119 4397 fratrum
1135 4333 1249 4415 depor-

49 4453 144 4516 tetur,
167 4443 284 4529 reliqua
308 4445 346 4509 ad
368 4445 492 4508 eosdem
516 4445 702 4510 devolvatur.
727 4446 854 4528 Insuper
870 4443 965 4507 libera
990 4444 1053 4506 tora
1086 4447 1117 4505 et
1138 4440 1249 4504 tributa

47 4556 185 4619 fororum
209 4552 346 4617 eiusdem
369 4559 451 4618 terre
475 4555 520 4619 eis
542 4555 675 4620 totaliter
697 4554 878 4617 indulsimus
895 4557 925 4616 et
940 4552 977 4616 ad
994 4553 1143 4615 munimen
1159 4551 1248 4630 regni

77 4663 174 4708 Foutss.
183 4660 251 4706 auth.
264 4661 289 4705 ΙΙ,
302 4661 334 4705 Bd
352 4660 398 4706 XV.
1011 4659 1029 4710 2
