3150 5092
349 352 398 426 18

343 533 447 594 contra
464 527 611 594 Cumanos
628 534 728 596 castra
744 535 775 594 et
791 529 883 596 urbes
900 527 1036 615 lapideas
1059 535 1236 596 construere
1253 552 1307 596 eos
1330 532 1533 616 permisimus,

342 643 374 702 ut
390 642 422 702 et
436 639 563 702 inimicis
579 636 691 702 curisti
707 639 853 703 resistere
867 639 1001 712 valeant,
1034 643 1065 703 et
1088 660 1221 725 persone
1251 649 1357 706 nostre
1387 648 1421 706 et
1447 643 1532 706 here-

340 746 428 811 dibus
452 747 564 810 nostris
584 747 721 828 legitime
743 747 832 811 nohis
850 746 1083 812 succedentibus
1105 749 1143 812 ad
1160 767 1310 824 coronam,
1333 750 1372 813 ed
1389 751 1531 814 honorem

343 859 466 940 pateant
489 860 520 919 et
552 857 712 920 munimen.
749 855 913 920 Statuimus
937 857 1026 919 etiam
1052 857 1132 940 quod
1155 855 1254 920 nullus
1277 858 1428 942 wopvoda
1450 879 1536 943 super

343 983 396 1027 eos
414 964 594 1028 descensum
619 963 738 1036 habeat,
761 962 875 1028 liberos
891 963 1034 1028 denarios
1057 971 1088 1026 st
1103 964 1238 1046 pondera
1259 964 1302 1028 eis
1319 967 1494 1030 remisimus
1509 970 1535 1029 et

342 1069 380 1136 ab
393 1070 473 1134 omni
489 1071 645 1135 exactione
662 1077 693 1134 ot
709 1071 835 1136 collecta
845 1092 899 1135 eos
916 1091 987 1136 esse
1002 1073 1193 1156 permisimus
1207 1071 1319 1136 liberos
1332 1078 1364 1136 et
1376 1075 1531 1137 immunes.

340 1175 457 1242 Nullius
476 1177 593 1259 judicio
615 1179 680 1242 sive
697 1178 916 1260 jurisdictioni,
934 1180 992 1242 uisi
1016 1180 1111 1242 solius
1133 1181 1216 1262 regis
1233 1179 1424 1243 subiaceant.
1453 1181 1534 1245 dudi-

340 1303 408 1350 oem
423 1285 513 1348 iidem
529 1287 639 1350 fratres
665 1306 757 1369 super
778 1305 883 1350 eorum
899 1287 1040 1371 populum
1063 1287 1257 1350 constituant.
1281 1287 1344 1350 Nos
1366 1307 1444 1350 vero
1467 1309 1533 1372 pre-

341 1395 449 1458 missos
466 1394 578 1459 fratres
595 1396 625 1457 in
647 1394 875 1478 possessionem
905 1395 1046 1478 predicte
1077 1400 1160 1458 terre
1182 1398 1289 1460 Burro
1313 1394 1388 1480 (per
1407 1395 1532 1479 pristal-

341 1504 411 1567 dum
433 1507 567 1568 nostrum
599 1503 765 1567 Fataletum
797 1499 988 1587 nomine)¹),
1019 1503 1161 1567 iussimus
1187 1504 1354 1576 introduci,
1389 1505 1443 1586 qui
1462 1525 1531 1588 pre·

232 1657 236 1668 ·
341 1611 453 1676 dictam
474 1616 587 1675 terram
612 1611 832 1694 perambulavit
855 1617 886 1675 et
907 1631 973 1674 eam
995 1612 1034 1675 ad
1061 1610 1186 1675 uerbum
1207 1611 1365 1676 Michaelis
1390 1613 1533 1696 woyvode

340 1719 433 1783 certis
450 1719 539 1782 metis
556 1719 817 1801 circumsignalam
833 1720 909 1803 ipsis
925 1719 1100 1801 assignavit.
1126 1719 1225 1782 Prima
1247 1738 1319 1783 vero
1341 1724 1424 1783 meta
1449 1721 1533 1785 huius

338 1832 420 1890 terre
457 1825 565 1909 incipit
595 1826 635 1889 de
664 1826 858 1908 indaginibus
882 1827 974 1891 castri
996 1826 1121 1912 Almaye
1148 1829 1180 1888 et
1206 1827 1347 1909 procedit
1368 1847 1468 1911 usque
1499 1829 1533 1892 ad

338 1934 495 2014 indagines
528 1936 621 1998 castri
652 1934 770 2009 Noialt,
803 1942 834 1998 et
863 1936 935 1999 inde
967 1935 1159 2018 progreditur
1185 1953 1282 2017 usque
1313 1934 1351 1998 ad
1376 1935 1533 2018 indagines

338 2041 484 2124 Nyoolai,
508 2041 560 2106 uhi
588 2062 664 2125 aqua
688 2042 793 2106 defluit
814 2064 873 2127 que
894 2048 1019 2107 vocatur
1049 2043 1114 2113 hlt,
1140 2046 1171 2104 et
1198 2041 1243 2104 sic
1272 2042 1411 2105 ascendit
1441 2063 1532 2126 usque

338 2149 389 2213 ubi
416 2149 588 2212 Tartelowe
622 2149 702 2214 cadit
728 2151 759 2213 in
788 2150 847 2213 llt.
894 2149 1069 2215 Addidimus
1097 2149 1184 2211 etiam
1212 2148 1400 2232 postmodum
1428 2151 1532 2215 iisdem

336 2257 481 2322 fratribus
514 2259 706 2322 conferentes
734 2262 883 2331 castrum,
915 2259 996 2342 quod
1031 2258 1209 2338 Cruceburg
1239 2259 1423 2331 nominatur,
1457 2261 1531 2343 quod

338 2366 450 2431 fratres
482 2366 614 2448 predicti
645 2366 684 2430 de
721 2387 799 2432 noro
833 2369 1079 2437 construxerant,
1117 2385 1183 2428 cum
1215 2365 1311 2448 pratis
1349 2367 1434 2430 circa
1466 2367 1533 2430 illud

337 2472 555 2544 adiacentibus,
582 2479 614 2536 et
644 2495 661 2537 a
694 2473 753 2537 line
783 2478 867 2538 terre
891 2473 1071 2555 (hoseburg
1101 2479 1213 2536 terram
1245 2492 1304 2556 que
1325 2472 1409 2536 vadit
1440 2495 1531 2559 usque

335 2580 372 2644 ad
404 2581 547 2645 terminos
583 2581 801 2646 Pruduicorum
838 2579 1149 2667 (Productorum)³),
1196 2586 1228 2642 et
1263 2579 1301 2642 ab
1338 2580 1530 2662 indaginibus

337 2688 459 2770 Almaye
479 2690 510 2752 in
540 2693 626 2773 parte
657 2688 753 2753 altera
777 2690 859 2754 vadit
886 2710 983 2774 usque
1013 2691 1051 2753 ad
1075 2693 1173 2753 ortum
1204 2707 1297 2771 aque,
1325 2708 1385 2771 que
1410 2693 1530 2752 vocatur

336 2797 444 2868 burna,
466 2801 496 2860 et
515 2796 585 2860 inde
600 2797 797 2880 progreditur
813 2818 908 2880 usque
924 2796 962 2860 ad
979 2795 1159 2868 Danubium,
1177 2795 1262 2858 cuius
1279 2794 1450 2858 donationis
1467 2805 1531 2880 post

336 2903 456 2967 modum
476 2904 557 2968 facte
573 2923 589 2965 c
608 2904 695 2967 nohis
711 2905 856 2968 fratribus
872 2905 1043 2967 memoratis
1064 2902 1243 2988 pristaldum
1259 2902 1398 2966 dedimus
1409 2902 1530 2985 Ypochz

334 3011 453 3075 banum.
492 3011 705 3076 concessimus
734 3014 823 3076 etiam
851 3013 967 3077 eisdem
995 3013 1157 3084 fratribus,
1189 3011 1268 3096 quod
1296 3031 1389 3094 super
1409 3012 1528 3075 fluuium

334 3118 385 3182 alt
408 3139 461 3182 sex
484 3140 574 3184 naves
599 3127 629 3183 et
645 3140 737 3203 super
754 3121 876 3185 fluuium
893 3121 973 3184 blors
996 3140 1050 3182 sex
1067 3119 1140 3183 alias
1157 3137 1249 3182 naves
1264 3117 1397 3181 habeant
1419 3117 1529 3182 liberas

332 3247 388 3309 per
417 3232 512 3291 totum
535 3245 661 3308 regnum
688 3232 824 3291 nostrum
852 3228 932 3292 sales
959 3227 1131 3291 deferentes
1153 3227 1183 3288 in
1209 3226 1439 3297 descendendo,
1475 3247 1527 3290 nec

333 3355 391 3398 uon
424 3334 498 3398 alias
530 3354 580 3398 res
602 3337 632 3397 in
657 3335 851 3399 ascendendo
873 3335 1052 3406 referentes,
1084 3339 1115 3396 et
1135 3333 1321 3406 salifodinas,
1343 3354 1404 3416 que
1427 3334 1527 3398 Alana

333 3444 487 3512 uocantur,
501 3440 689 3505 sufficientes
706 3443 743 3504 ad
760 3442 827 3504 illes
844 3441 1002 3505 duodecim
1019 3460 1123 3512 naues,
1141 3439 1239 3504 libere
1256 3439 1428 3526 ubicunque
1444 3445 1527 3507 volu·

331 3548 425 3621 erint,
458 3548 571 3612 eisdem
596 3550 802 3613 concessimus
826 3551 857 3612 in
878 3552 1066 3633 perpetuum.
1096 3548 1170 3612 ltem
1202 3549 1422 3625 concessimus,
1447 3551 1526 3634 quod

331 3656 442 3720 nullum
459 3655 601 3720 tributum
619 3655 750 3720 debeant
765 3657 953 3739 persolvere,
963 3676 1018 3719 nec
1034 3656 1136 3740 populi
1154 3675 1257 3719 eorum
1270 3675 1337 3719 cum
1352 3661 1526 3723 transierint

331 3785 385 3849 per
401 3769 512 3826 terram
529 3764 695 3828 Siculorum
713 3770 763 3827 aut
780 3785 835 3846 per
850 3769 961 3827 terram
978 3762 1290 3833 Blacorum,bomines
1306 3784 1429 3848 quoque
1447 3788 1524 3830 nunc

329 3877 443 3936 terram
473 3871 674 3935 inhabitantes
700 3871 868 3955 predictam
900 3871 936 3933 ad
962 3871 1125 3934 eorundem
1153 3871 1277 3934 fratrum
1305 3875 1465 3938 servitium
1496 3881 1524 3938 et

329 3981 434 4043 domus
452 3998 554 4042 eorum
572 3978 727 4042 utilitatem
751 3979 818 4042 sine
841 3978 1039 4063 requisitione
1060 3977 1173 4042 liberos
1191 3978 1367 4049 dimisimus,
1389 3981 1431 4045 ita
1449 3990 1483 4046 ut
1498 3985 1522 4045 si

330 4089 420 4172 aliqui
446 4089 484 4150 de
503 4092 607 4150 cetero
632 4086 669 4148 dc
701 4089 813 4150 uostris
841 4085 1013 4149 hominibus
1030 4087 1095 4148 sive
1119 4084 1288 4167 hospitibus
1317 4095 1399 4151 terre
1421 4098 1524 4155 nostre

327 4196 549 4280 pertinentibus
580 4194 617 4258 ad
646 4196 730 4275 ipsos
755 4193 1051 4276 transmigraverint,
1084 4194 1186 4255 statim
1217 4213 1285 4256 cum
1316 4195 1354 4257 ad
1387 4199 1523 4261 notitiam

325 4306 451 4367 rastrum
469 4324 505 4367 ex
520 4303 647 4366 veritate
664 4304 847 4384 pervenerit,
864 4321 928 4373 eos,
945 4303 995 4383 qui
1011 4301 1056 4362 sic
1069 4300 1256 4370 intraverint,
1268 4301 1430 4384 expellant,
1449 4306 1522 4369 ethi

360 4481 384 4540 ¹)
403 4485 455 4527 Ver.
473 4483 495 4526 h.
513 4477 590 4536 llejdr.

358 4563 383 4623 2)
401 4566 455 4609 Var.
473 4564 496 4609 b.
514 4559 590 4620 Fejer.
