3150 5092
808 514 932 586 LXXV.

668 631 749 694 126³.
768 632 814 690 lu.
828 633 957 687 Februar.
977 632 1072 687 Oion.

364 724 426 788 Nos
439 725 522 797 Rela,
535 724 592 788 Dei
605 727 702 808 gralia
716 745 768 788 rer
777 727 943 807 Hungarie,
956 723 1353 790 memoriecommendamus
1364 727 1473 784 tenore

275 831 473 915 presentium,
488 832 705 915 significantes,
724 832 835 916 quibus
857 832 991 915 expedit,
1013 831 1177 902 universis,
1198 829 1289 915 quod,
1312 847 1406 912 quum
1421 845 1476 890 rex

276 959 380 1022 regum
399 944 430 1003 et
445 939 581 1004 dominus
599 939 824 1011 dominantium,
842 939 926 1004 Deus
941 939 980 1003 ad
995 939 1054 1002 boc
1076 958 1168 1020 reges
1186 939 1347 1021 preposuit
1364 935 1474 1000 mundo

276 1048 427 1118 universo,
457 1052 488 1111 ut
514 1048 612 1131 ipsius
639 1047 835 1112 similitudine
863 1049 963 1131 quivis
985 1049 1016 1110 in
1033 1048 1097 1110 suis
1113 1045 1290 1127 regionibus
1308 1046 1474 1127 unicuique

275 1155 388 1236 petenti
401 1154 451 1236 jus
467 1175 552 1219 suum
569 1154 692 1229 tribuat,
713 1155 830 1237 justitia
851 1157 1009 1227 madente,
1034 1155 1155 1238 perdita
1171 1159 1336 1228 restauret,
1353 1158 1474 1217 restau-

274 1267 338 1326 rata
362 1267 533 1337 conservet,
562 1270 739 1328 conservata
757 1283 817 1327 nou
834 1268 975 1348 occupet,
999 1265 1108 1327 merito
1124 1284 1195 1326 suos
1219 1262 1355 1345 benigno
1372 1281 1474 1324 remu·

279 1375 375 1440 neret.
404 1375 435 1433 et
465 1370 574 1451 dignos
606 1372 732 1436 servitio
766 1372 859 1453 digne
883 1373 981 1436 landis
1004 1372 1150 1454 preconio
1168 1370 1302 1443 extollat,
1319 1369 1428 1434 viduas
1444 1372 1475 1432 et

277 1477 427 1560 orphanos
445 1477 598 1552 defendat,
625 1499 775 1563 pauperes
804 1481 939 1561 colligat,
962 1478 1110 1562 prelatos,
1132 1477 1307 1561 religiosos,
1324 1477 1428 1540 cleros
1443 1480 1475 1539 et

277 1583 402 1647 famulos
417 1585 536 1667 templi,
553 1585 610 1650 Dei
627 1588 753 1650 servitio
770 1587 971 1670 mancipatos,
989 1588 1067 1649 omni
1084 1587 1255 1649 reuerentia
1272 1586 1302 1647 in
1319 1584 1388 1664 suis
1396 1583 1474 1665 juri-

277 1690 333 1754 bus
345 1690 461 1764 illesos,
478 1711 660 1756 conservare
677 1715 736 1758 non
752 1696 872 1759 desinat
889 1699 920 1758 ct
936 1693 1130 1758 facultatibus
1146 1692 1309 1775 ampliure;
1333 1691 1473 1774 exemplo

176 1860 179 1868 ,
275 1797 402 1874 Christi,
429 1800 537 1862 summi
565 1801 647 1881 regis
676 1801 740 1874 dlii,
768 1803 821 1885 qui
848 1803 975 1865 animam
1003 1820 1089 1864 suam
1104 1803 1134 1863 in
1151 1820 1202 1863 ara
1219 1799 1320 1864 crucis
1336 1818 1395 1882 pro
1411 1798 1474 1861 suis

276 1908 424 1991 exposuit,
441 1914 472 1969 ct
488 1914 611 1972 matrem
628 1909 756 1974 instituit
767 1908 932 1974 ecclesiam
948 1916 1083 1973 sanctam
1099 1908 1239 1973 fidelibus
1261 1907 1422 1979 universis,
1445 1907 1474 1968 in

276 2015 362 2096 cujus
389 2015 504 2096 gremio
532 2017 592 2078 nati
614 2016 645 2079 in
666 2016 775 2080 mundo
805 2019 957 2086 universi,
985 2025 1045 2081 tam
1061 2036 1172 2100 reges,
1197 2036 1288 2099 quam
1303 2015 1472 2097 principes,

278 2120 371 2186 duces
398 2126 430 2185 et
452 2123 586 2196 comites,
602 2144 752 2208 pauperes
775 2132 809 2189 et
823 2126 945 2197 divites,
973 2145 1030 2209 per
1054 2123 1197 2207 baptismi
1212 2122 1342 2204 gratiam
1366 2141 1474 2185 renas·

279 2231 397 2302 cuntur,
426 2235 457 2293 ct
484 2232 579 2295 renati
602 2238 672 2316 post
693 2235 797 2296 mortis
819 2239 959 2297 eventum
986 2232 1099 2297 ibidem
1128 2231 1326 2316 sepeliuntur,
1355 2229 1474 2293 demum

278 2336 388 2422 sepulti
415 2337 475 2402 lide
502 2359 574 2402 rero
599 2341 657 2404 bnc
673 2345 818 2415 testante,
846 2347 1011 2423 resurgunt
1027 2341 1064 2404 ad
1080 2339 1210 2422 gloriam
1225 2339 1273 2402 vel
1292 2338 1331 2402 ad
1346 2345 1474 2401 mortem

279 2447 487 2519 truculentam,
514 2449 660 2513 rationem
688 2449 837 2513 reddituri
864 2451 903 2514 de
934 2449 1023 2513 bonis
1040 2453 1092 2513 aut
1108 2449 1195 2511 malis
1211 2445 1369 2530 operibus,
1387 2445 1473 2510 etde

235 2565 241 2578 “
276 2557 358 2638 justo
371 2554 419 2619 rel
435 2557 547 2640 iniquo,
561 2577 638 2641 equo
656 2557 862 2630 libramine,in
876 2559 1013 2622 examine
1025 2557 1154 2621 districti
1162 2556 1289 2637 judicis,
1300 2554 1474 2617 mercedem

282 2665 433 2749 recepturi
453 2685 469 2726 a
489 2665 553 2727 Deo
565 2684 639 2728 vern
658 2665 733 2729 lesu
752 2664 894 2742 Christo,
918 2685 993 2750 quo,
1015 2667 1079 2729 suis
1100 2663 1276 2729 vulneribus
1293 2662 1425 2745 apertis,
1446 2663 1475 2724 iu

282 2771 423 2837 tribunali
439 2771 585 2845 sedente,
604 2779 708 2838 sancta
724 2793 832 2845 cruce.
850 2774 958 2857 spineo
975 2791 1102 2845 corona,
1118 2773 1225 2836 lancea
1242 2772 1361 2842 lateris,
1383 2771 1475 2834 clavis

282 2881 390 2964 pedum
418 2885 450 2943 et
477 2899 612 2944 manuum
642 2880 839 2954 firmantibus,
863 2882 895 2944 in
917 2880 1048 2945 medium
1075 2879 1249 2963 productis,
1276 2877 1308 2940 in
1336 2877 1387 2940 die
1414 2875 1475 2948 illa,

281 2987 400 3071 quando
428 2987 637 3071 eeliplicantur
664 2995 695 3052 et
718 2993 799 3052 terra
823 2991 935 3053 ardens
962 2989 1043 3059 erit,
1072 2985 1124 3052 ubi
1141 2987 1240 3050 sancti
1255 2983 1415 3049 turbantur
1446 2987 1476 3045 et

282 3095 382 3177 angeli
398 3100 593 3169 tremescunt,
607 3097 779 3178 judicantur
791 3097 867 3179 justi
883 3115 950 3159 cnm
966 3100 1057 3169 metu,
1075 3100 1107 3158 et
1121 3097 1303 3178 pensatores
1326 3093 1395 3154 sine
1417 3092 1475 3153 line

284 3204 529 3269 condemnantur.
546 3205 622 3268 llinc
638 3211 695 3277 cst,
711 3206 792 3289 quod
809 3209 913 3269 sancta
928 3208 1023 3267 mater
1039 3203 1169 3267 ecclesia
1186 3204 1476 3269 Kolonnonostura,

284 3315 313 3376 in
338 3313 481 3400 honorem
508 3312 597 3376 beate
613 3313 709 3377 llario
725 3315 850 3395 virginis
874 3313 1025 3384 dedicata,
1054 3311 1139 3392 cujus
1156 3310 1296 3373 fundator
1311 3312 1344 3372 ct
1359 3308 1478 3372 dotator

285 3420 437 3502 piissimus
455 3419 563 3507 (bela)
588 3442 640 3484 rex
663 3421 814 3502 Hungarie
837 3437 970 3504 proavus
991 3425 1095 3483 noster
1118 3418 1218 3482 felicis
1246 3417 1477 3487 recordationis,

285 3529 359 3592 miro
382 3529 469 3592 modo
491 3530 557 3593 luit.
582 3529 717 3593 'l'andem
736 3549 793 3613 per
808 3529 991 3600 ladislaum,
1014 3546 1119 3609 regem
1143 3526 1347 3589 beatissimum
1368 3525 1477 3588 fecun-

284 3635 418 3700 dioribus
446 3636 614 3701 redditibus
643 3643 674 3700 et
707 3636 952 3720 possessionibus
984 3637 1182 3706 lautioribus,
1210 3635 1316 3699 eadem
1345 3634 1478 3698 ecclesia

286 3745 398 3808 exstitit
414 3745 569 3828 ampliata3
586 3746 631 3809 sic
648 3751 679 3807 et
693 3766 750 3828 per
765 3765 973 3820 successores,
991 3765 1084 3829 reges
1101 3745 1253 3827 llnngaric
1270 3746 1393 3807 nostros
1407 3762 1479 3826 pro·

286 3853 453 3935 genitores,
482 3854 610 3919 diversis
624 3851 870 3938 possessionibds
899 3873 935 3916 ac
962 3851 1145 3916 multimodis
1166 3848 1360 3914 libertatibus
1383 3849 1479 3913 deco·

288 3965 361 4032 rata,
380 3980 472 4043 super
493 3962 566 4025 alias
593 3963 741 4027 ccclesias
766 3961 935 4026 abbatiales
956 3964 1045 4044 regni
1062 3960 1215 4041 Hungarie
1241 3979 1297 4042 per
1317 3961 1364 4021 tot
1384 3959 1479 4022 dona·

287 4069 385 4133 tiones
402 4076 434 4134 ct
448 4068 615 4142 libertates,
638 4089 696 4153 per
715 4076 834 4133 sanctos
849 4088 942 4151 reges
969 4069 1068 4133 cidem
1093 4087 1272 4139 consessas,
1297 4065 1438 4149 fulgebat
1452 4072 1482 4129 el

289 4176 441 4240 residebat
452 4176 579 4260 pacifice
594 4184 625 4241 et
640 4178 752 4261 quiete.
778 4176 851 4250 Sed,
869 4177 947 4260 prob
960 4176 1063 4240 dolori
1081 4176 1192 4239 nostris
1211 4173 1399 4257 temporibus
1411 4193 1480 4257 pre·

290 4285 370 4348 dicta
388 4285 520 4350 ecclesia
536 4283 800 4349 Colosmonostura
818 4285 952 4348 funditus
975 4291 1006 4348 et
1021 4285 1053 4347 in
1068 4290 1131 4347 toto
1149 4283 1303 4346 destructa
1320 4283 1438 4345 exstitit
1450 4285 1480 4344 et

290 4391 455 4464 combusta,
483 4392 571 4456 bonis
600 4392 735 4456 omnibus
763 4393 859 4475 ipsius
887 4392 1019 4455 ecclesie
1046 4395 1079 4454 et
1112 4388 1281 4473 privilegiis
1309 4393 1479 4452 sanctornm

290 4520 405 4585 regum,
421 4520 514 4586 super
528 4499 770 4585 possessionibus
783 4503 814 4563 et
827 4496 1017 4564 libertatibus
1026 4518 1063 4563 ac
1073 4497 1195 4561 tributis
1207 4496 1364 4568 emanatis,
1373 4495 1478 4561 ablatis
