3150 5092
284 339 334 412 il

279 514 311 578 in
326 513 433 580 eadem
453 513 521 582 villa
544 520 657 590 exorte
679 520 710 580 et
725 537 834 582 causas
850 522 1059 582 extraneorum
1081 517 1109 582 si
1131 517 1274 602 puellari
1290 519 1478 601 matingant.

280 623 448 704 latrocinia,
470 623 558 696 turta,
579 623 751 699 homicidia,
767 626 973 690 truncationes
996 645 1167 709 corporum,
1189 630 1221 688 et
1243 623 1302 688 alia
1320 625 1433 706 juditia
1446 627 1480 688 in

280 728 387 814 quibus
398 730 479 796 bella
488 732 706 814 amputationes
715 733 855 816 capitum,
871 733 1077 798 truncationes
1087 752 1234 802 manuum,
1247 732 1478 798 accidentaliter

282 839 434 911 oriuntur,
457 859 492 905 ae
508 837 606 903 omnia
618 837 735 920 judicia
752 843 864 905 minuta
879 841 1000 906 villicus
1016 841 1150 926 ipsorum
1171 847 1201 905 ct
1214 835 1337 922 judices
1359 842 1476 923 possint

282 950 313 1010 ct
329 945 458 1011 debeant
473 944 745 1010 determinabititer
756 948 905 1031 judicare.
921 949 953 1011 in
967 950 1034 1032 ipsa
1050 949 1201 1021 libertate,
1225 966 1315 1030 quam
1335 948 1476 1032 hospites

282 1054 378 1118 nostri
400 1052 438 1116 de
460 1051 612 1127 Saololh.
637 1058 668 1118 et
689 1054 728 1118 de
750 1055 924 1129 Scathmar.
952 1063 1093 1140 preterea
1120 1054 1210 1120 etiam
1232 1055 1343 1120 officiis
1361 1057 1474 1120 nostris

281 1158 440 1225 comitibus
462 1179 582 1226 camere
600 1168 703 1226 noshe
719 1163 888 1234 concessis.
910 1163 949 1228 ad
964 1183 1051 1227 nsum
1067 1163 1185 1227 servitii
1200 1162 1289 1226 nobis
1312 1163 1476 1227 exhibendi

282 1268 342 1352 ipsi
359 1268 496 1351 hospites
520 1274 577 1334 tutt
592 1279 623 1334 et
638 1273 737 1334 unios
753 1269 834 1335 sales
859 1271 896 1334 ad
915 1271 1036 1335 durium
1057 1271 1184 1335 Suanos
1207 1270 1330 1334 deferre
1346 1270 1477 1353 possint,

281 1379 365 1459 quott
392 1379 422 1440 et
446 1382 573 1460 quantos
606 1378 740 1462 hospites
772 1377 812 1442 de
834 1378 1009 1451 Decsalna‚
1031 1379 1089 1442 hoc
1114 1376 1233 1459 adjecto
1256 1376 1337 1464 quod
1357 1379 1478 1442 tertiam

281 1488 396 1567 partem
418 1485 524 1549 salium
547 1490 716 1549 nostrorum
738 1486 768 1548 in
792 1491 880 1570 portu
902 1487 990 1570 regio
1012 1486 1263 1550 descendentium
1278 1506 1375 1569 super
1389 1487 1478 1551 durio

282 1591 407 1654 Saamos
430 1590 551 1656 deterre
577 1596 746 1664 teneantur.
769 1612 827 1657 nec
849 1592 908 1658 hoc
930 1594 1139 1677 permittimus,
1160 1592 1241 1676 qnod
1263 1593 1294 1657 in
1315 1594 1365 1656 via
1382 1597 1478 1677 prima

281 1697 378 1762 venali
391 1699 486 1782 primo
499 1706 530 1765 et
541 1701 750 1784 principaliter
765 1701 797 1764 in
814 1720 873 1764 uno
885 1699 962 1764 Cura
974 1708 1081 1766 vocato
1093 1701 1173 1765 sales
1189 1705 1310 1765 nostros
1327 1701 1477 1774 deterant.

281 1804 311 1868 in
324 1804 449 1870 navibus
466 1809 529 1872 suis
546 1809 714 1881 cumulatis,
736 1811 767 1872 in
786 1827 863 1892 aqua
887 1815 1059 1892 prenotata:
1074 1809 1208 1872 decimas
1224 1811 1324 1881 etiam,
1340 1809 1423 1894 qnod
1440 1811 1478 1873 de

279 1911 392 1978 tributo
417 1913 592 1996 rajvndatus
616 1917 773 1980 comitatus
800 1916 841 1980 de
857 1915 996 1992 Sunuci,
1021 1935 1058 1980 ae
1081 1918 1171 1979 etiam
1193 1917 1333 1980 comitum
1354 1936 1478 1982 camere

281 2023 388 2096 nostre
406 2021 437 2086 in
458 2027 539 2087 terra
562 2027 594 2088 et
613 2023 645 2087 in
667 2042 742 2106 aqna
764 2024 893 2087 medium
916 2024 1062 2088 tributum
1086 2021 1159 2088 dare
1188 2027 1367 2094 tencantur,
1396 2024 1477 2088 sales

281 2146 351 2192 vero
368 2128 533 2213 hyemales,
551 2131 576 2194 si
592 2150 667 2214 quos
683 2130 775 2195 iidem
792 2131 930 2214 hospites
941 2131 1032 2196 rebus
1048 2131 1112 2195 suis
1124 2133 1367 2214 comparaverint
1382 2152 1477 2216 usque

281 2241 403 2300 octavas
424 2235 505 2302 beati
530 2236 654 2321 Georgii
677 2240 835 2321 martyris.
856 2243 917 2304 tam
939 2240 1180 2324 menumquam
1200 2239 1477 2304 iuterraliberam

280 2341 411 2408 habeant
431 2344 587 2410 deferendi
607 2365 661 2410 seu
689 2344 839 2412 vendendi
865 2347 1053 2419 facultatem,
1076 2347 1118 2410 ita
1142 2344 1276 2418 scilicet,
1302 2353 1395 2429 prout
1420 2347 1477 2410 hec

281 2451 378 2514 omnia
396 2452 426 2516 in
438 2451 547 2518 litteris
559 2453 633 2518 Bele
650 2454 819 2519 charissimi
835 2456 929 2539 patris
945 2457 1041 2520 nostri
1058 2454 1186 2519 vidimus
1204 2455 1294 2538 plane
1310 2458 1342 2518 et
1356 2454 1478 2539 plenius

282 2559 449 2634 contineri,
475 2581 598 2645 quarum
615 2562 734 2646 quidem
750 2568 899 2627 terrarum
917 2585 933 2626 a
949 2563 1197 2647 progenitoribus
1214 2565 1324 2628 nostris
1340 2565 1387 2627 eis
1404 2584 1479 2627 con-

281 2687 435 2732 cessarum
452 2670 571 2734 metatis
589 2675 645 2744 est,
663 2674 695 2734 ut
711 2672 807 2754 prima
823 2671 958 2736 initiatur
972 2673 1004 2736 in
1020 2677 1108 2755 portu
1120 2671 1182 2735 Usa
1200 2676 1232 2735 et
1242 2670 1326 2736 uadit
1340 2673 1371 2735 in
1385 2692 1480 2756 quan-

283 2775 349 2838 dam
366 2776 509 2861 sylvulam
523 2779 675 2844 Gnrtnnus
692 2782 836 2852 vocatam,
849 2786 881 2843 et
896 2778 967 2843 inde
983 2779 1174 2862 protenditur
1189 2780 1221 2843 in
1233 2798 1344 2863 pagum
1359 2779 1440 2843 Kald
1451 2778 1478 2863 ¹)

281 2902 377 2966 usque
390 2884 426 2947 ad
436 2885 556 2951 durium
569 2884 723 2960 Gelanos,
737 2890 768 2950 et
779 2906 835 2970 per
847 2886 976 2952 eundem
988 2887 1110 2952 flurium
1122 2885 1261 2951 ascendit
1273 2888 1310 2951 ad
1323 2886 1479 2972 Turper2)

279 3010 386 3055 versus
400 2993 598 3068 occidentem,
612 3000 642 3059 et
654 2993 762 3060 abhinc
771 2993 928 3060 descendit
938 2997 976 3060 ad
990 2995 1110 3059 durium
1122 2994 1243 3070 Cautus,
1259 2999 1291 3059 et
1306 2997 1352 3059 sic
1364 3016 1476 3060 ascen·

281 3098 325 3163 dit
340 3099 448 3166 iterato
461 3121 517 3185 per
530 3102 657 3166 eundem
670 3103 788 3168 flurium
802 3103 839 3167 ad
856 3104 1102 3187 septemtrionem
1110 3102 1333 3185 Nimigeholrna
1342 3101 1373 3188 ⁸)
1384 3124 1478 3170 roca-

277 3213 348 3281 tam,
365 3213 396 3272 et
411 3210 448 3273 ab
466 3210 573 3275 eodem
590 3231 645 3294 per
661 3210 818 3295 quemdam
835 3212 956 3276 flurium
972 3211 1083 3274 ldettes
1098 3214 1236 3276 vocatum
1254 3209 1440 3276 determinat
1461 3232 1478 3275 a

279 3315 527 3398 generationibus
554 3315 709 3401 Koplont)
732 3338 828 3403 usqne
855 3320 976 3384 flurium
996 3318 1140 3389 Senones,
1162 3324 1194 3381 et
1215 3317 1260 3381 ibi
1279 3317 1476 3382 ascendendo

281 3444 337 3507 per
349 3425 461 3490 dictum
470 3423 595 3490 Scauros
606 3426 715 3490 transit
725 3425 762 3489 ad
774 3427 857 3490 Boha
868 3432 900 3490 et
911 3426 1023 3490 abhinc
1031 3428 1061 3490 in
1073 3425 1221 3490 llalranha
1232 3423 1262 3510 ⁵)
1275 3432 1308 3489 et
1317 3425 1357 3488 ab
1369 3427 1478 3490 eodem

283 3533 422 3596 ascendit
437 3534 467 3598 in
484 3538 613 3597 montem
630 3532 713 3606 bela,
729 3540 761 3598 et
775 3532 847 3598 inde
863 3534 1023 3600 descendit
1042 3533 1243 3597 adorientem
1269 3534 1306 3598 ad
1328 3536 1478 3618 quandam

281 3645 389 3705 metam
405 3646 536 3704 terream
554 3641 744 3714 hilushatar,
761 3661 821 3725 que
837 3644 996 3706 comitatur
1012 3642 1101 3705 fluvio
1117 3639 1212 3704 llmod
1229 3645 1347 3713 vocato,
1358 3644 1413 3725 qui
1424 3643 1480 3706 tlu-

280 3750 349 3813 rius
376 3749 588 3814 descendendo
614 3751 650 3815 ad
679 3756 793 3834 partem
820 3749 1043 3814 meridionalem
1065 3749 1223 3832 distinguit
1247 3753 1279 3812 et
1295 3748 1480 3813 determinat

282 3865 396 3921 aterna
414 3856 644 3941 harenamque
662 3858 745 3922 cedit
759 3857 855 3939 injus
868 3858 996 3921 Dionisii
1017 3857 1134 3920 comitis
1158 3876 1254 3940 usque
1276 3856 1315 3921 ad
1336 3877 1479 3938 magnum

282 3965 404 4030 tluvium
433 3963 570 4041 Suanos,
598 3971 631 4029 ut
658 3973 756 4030 autem
789 3966 848 4030 hec
868 3968 1003 4048 ipsorum
1023 3963 1159 4038 libertas,
1187 3984 1243 4028 seu
1264 3965 1480 4028 commentatio

314 4209 338 4266 ¹)
357 4210 437 4254 lindos
453 4209 482 4252 im
500 4207 694 4252 innersaotnoker
712 4207 797 4252 Gemit.

316 4290 341 4350 ²)
360 4284 470 4346 Tdcpc'ny
487 4288 596 4333 ebeudas.

315 4369 339 4430 ³)
358 4372 428 4415 Nema
446 4369 555 4415 ebendss.

314 4449 339 4511 ⁴)
357 4451 463 4508 linplyou
481 4449 591 4496 ebendns.

315 4529 339 4597 ⁵)
357 4528 484 4590 Bilvlapos
501 4529 608 4576 ebendas.
