3150 5092
581 318 681 391 56

576 492 902 566 Pannonia,
960 490 1163 555 abbati
1218 490 1523 572 Egriensi,
1581 488 1677 553 vel
1726 509 1932 552 eorum
1990 483 2505 570 procuratoribuS,
2540 481 2929 548 habentibus
2963 501 2996 543 a

577 599 837 666 dominis
893 599 1023 663 suis
1079 597 1532 681 procuratorias
1588 616 1773 681 super
1812 594 1929 658 hoc
1964 594 2200 658 litteras
2234 591 2575 675 speciales;
2609 592 2709 655 vel
2742 589 2996 653 duobus

579 729 651 772 ex
681 706 1004 791 predictis,
1058 705 1156 767 vel
1214 702 1710 787 procuratoribus
1766 723 1992 768 eorum.
2043 701 2121 764 Et
2174 700 2477 764 soluemus
2530 700 2769 760 camin
2810 697 2995 760 domo

577 815 828 876 fratrum
864 811 1312 896 predicatorum
1345 812 1423 875 de
1456 811 1602 874 Pest
1630 810 1692 873 in
1727 810 2036 892 presentia
2071 807 2340 891 capituli,
2367 807 2462 871 vel
2504 807 2748 869 maioris
2791 805 2996 888 partis

576 917 1054 983 distribuendam
1122 924 1183 982 et
1239 918 1628 982 ordinandam
1686 917 2014 981 secundum
2063 914 2430 979 voluntatem
2463 913 2613 977 dicti
2667 914 2873 994 legati
2921 911 2998 975 de

579 1027 829 1092 consilio
866 1025 1309 1107 Strigonensis,
1345 1030 1407 1090 et
1438 1024 1795 1090 Colocensis
1840 1024 2455 1106 archiepiscoporum.
2489 1021 2567 1083 Et
2590 1020 2998 1084 nihilominus

581 1137 633 1200 si
689 1135 1024 1216 predictam
1080 1133 1392 1216 pecuniam
1458 1133 1671 1197 decem
1723 1132 1904 1197 millia
1955 1149 2287 1195 marcarum
2343 1150 2462 1192 non
2512 1129 2893 1192 soluerimus
2935 1126 2998 1188 in

581 1241 835 1324 singulis
864 1239 1160 1311 terminis,
1196 1242 1355 1304 sicut
1385 1240 1666 1324 superius
1702 1244 1799 1304 est
1840 1259 2212 1326 expressum,
2259 1237 2530 1301 volumus
2575 1241 2638 1298 et
2670 1234 2996 1298 consenti-

581 1368 729 1420 mus.
785 1347 944 1431 quod
1001 1348 1290 1420 ecclesie,
1345 1346 1562 1433 quibus
1619 1347 1783 1411 sales
1838 1350 1979 1410 sunt
2035 1345 2349 1417 subtracti,
2396 1364 2511 1407 non
2547 1343 2841 1405 obstante
2876 1342 2997 1404 ista

581 1455 1049 1540 compositione,
1104 1454 1299 1518 libere
1355 1460 1417 1517 et
1461 1454 1697 1535 integre
1752 1457 1874 1517 sint
1927 1454 1986 1516 in
2041 1453 2253 1516 eodem
2300 1457 2460 1515 statu
2495 1455 2556 1513 et
2590 1450 2726 1512 iure
2772 1450 2841 1511 in
2873 1467 2995 1532 quo

585 1568 754 1627 erant
787 1565 927 1626 ante
962 1562 1457 1644 compositionem
1490 1562 1667 1624 istam
1704 1608 1717 1623 .
1742 1611 1756 1625 .
1778 1608 1793 1623 .
1815 1607 1830 1623 .
1857 1562 2027 1623 Anno
2064 1560 2138 1622 ab
2171 1560 2587 1623 incarnatione
2614 1559 2689 1621 D.
2720 1555 2795 1619 N.
2840 1556 2904 1620 J.
2925 1554 2995 1618 C.

589 1668 977 1736 mccxxxlss
1132 1671 1191 1732 in
1228 1670 1397 1741 silua,
1434 1688 1552 1754 que
1587 1670 1927 1733 nominatur
1961 1669 2179 1749 Bereg.

1697 1868 1861 1941 LIV.

1707 2007 1865 2061 1233.

760 2113 907 2179 Bela
939 2115 1037 2178 dei
1068 2115 1266 2198 gratia
1297 2114 1738 2196 primogenitus
1771 2116 1939 2196 regis
1973 2115 2299 2196 Hungarie,
2337 2113 2664 2190 Dalmatie‚
2716 2113 2995 2184 Croatie,

581 2224 787 2294 Rama,
844 2223 1086 2294 Servie,
1137 2220 1416 2297 Gallicie,
1449 2221 1831 2293 Lodomerie,
1868 2221 2152 2302 Bulgarie
2200 2220 2631 2303 Comanieque.
2667 2220 2998 2284 Universis

585 2332 659 2392 ad
733 2350 881 2414 quos
947 2336 1267 2414 presentes
1323 2329 1503 2393 litere
1559 2331 1951 2394 convenerint
2009 2335 2070 2392 et
2126 2330 2554 2413 pervenerint,
2614 2330 2877 2394 salutem
2937 2330 2996 2390 in

581 2439 792 2501 salutis
828 2446 1095 2504 auctore.
1128 2438 1320 2521 Regie
1353 2438 1641 2502 incumbit
1675 2438 2031 2502 excellentie
2078 2439 2277 2501 metiri
2328 2439 2544 2501 merita
2586 2438 2995 2518 singulorum,

585 2552 645 2608 et
681 2546 998 2628 unicuique
1056 2564 1163 2627 pro
1229 2545 1461 2607 meritis
1518 2545 1915 2629 respondere,
1952 2546 2177 2629 quippe
2213 2550 2277 2608 ut
2308 2544 2721 2608 famulantium
2758 2551 2997 2608 mentes

585 2656 827 2713 fervore
862 2651 1166 2714 fidelitatis
1193 2652 1489 2723 accincte,
1505 2654 1702 2733 magis
1726 2673 1797 2714 ac
1822 2653 2016 2734 magis
2050 2653 2126 2715 ad
2160 2653 2503 2714 exercenda
2529 2653 2774 2715 virtutis
2804 2671 2992 2734 opera

581 2760 1032 2823 inflammentur.
1082 2760 1308 2823 Notitie
1353 2760 1542 2839 igitur
1588 2761 1957 2844 presentium
2034 2780 2105 2823 ac
2151 2760 2492 2824 futurorum
2538 2762 2757 2824 harum
2828 2762 2997 2823 serie

585 2868 849 2930 volumus
903 2867 1038 2930 fieri
1093 2867 1492 2940 manifestum,
1541 2869 1702 2952 quod
1752 2888 1860 2931 nos
1903 2867 2111 2931 dilecti
2157 2873 2219 2931 et
2274 2867 2472 2931 fidelis
2507 2870 2702 2931 nostri
2750 2868 2991 2932 comitis

593 2975 905 3049 Uurfflrff,
941 2975 1071 3058 filii
1114 2975 1480 3060 Gryspanni
1526 2977 1812 3047 seruitia,
1862 2997 1980 3059 que
2028 2975 2185 3057 patri
2226 2979 2433 3039 nostro
2470 2980 2531 3037 et
2566 2978 2746 3040 matri
2781 2981 2994 3039 nostre

581 3082 962 3153 reverendis,
1011 3082 1390 3165 postmodum
1434 3102 1575 3146 vero
1624 3083 1797 3145 nobis
1848 3104 1879 3144 a
1924 3083 2210 3167 primevis
2245 3083 2508 3165 pueritie
2576 3091 2788 3146 nostre
2835 3089 2993 3145 tem-

581 3188 832 3272 poribus
869 3188 1142 3251 exhibuit
1174 3188 1508 3261 indefesse,
1549 3194 1751 3252 mente
1802 3190 2019 3253 thenus
2066 3190 2425 3262 retinentes,
2476 3192 2617 3274 quia
2654 3191 2995 3273 sumptibus

583 3296 709 3360 suis
763 3294 1193 3378 multiplicibus
1249 3317 1365 3360 non
1421 3298 1723 3379 pepercit,
1772 3303 1835 3360 et
1882 3297 2121 3361 labores
2172 3297 2523 3381 corporales
2576 3300 2637 3360 in
2684 3319 2904 3379 regno,
2940 3300 2996 3358 et

581 3408 750 3464 extra
783 3420 1037 3482 regnum
1081 3402 1362 3467 alacriter
1405 3404 1735 3467 tolleravit.
1782 3405 1907 3467 Nos
1956 3425 2105 3486 ergo
2144 3404 2385 3467 labores
2420 3406 2616 3487 ipsius
2653 3426 2772 3488 pre
2808 3404 2993 3468 oculis

585 3512 788 3572 nostre
843 3510 1062 3571 mentis
1113 3509 1445 3582 habentes,
1494 3508 1641 3572 licet
1672 3510 1994 3578 modicum,
2029 3510 2091 3572 in
2124 3511 2759 3592 recompensationem
2795 3518 2989 3574 tamen

577 3624 673 3680 tot
721 3620 783 3678 ct
824 3619 1126 3679 tantorum
1161 3617 1542 3679 servitiorum
1576 3637 1821 3679 suorum
1848 3617 2145 3703 quandam
2172 3621 2378 3680 nostre
2414 3618 2734 3681 donationi
2770 3627 2988 3682 terram

585 3726 1062 3798 cumvenientem,
1101 3725 1383 3810 Loystha
1425 3730 1712 3798 vocatam,
1766 3726 1839 3788 ab
1876 3747 2027 3810 aqua
2062 3726 2295 3790 Lothur
2329 3732 2564 3798 vocata,
2602 3747 2726 3810 que
2760 3729 2892 3790 fluit
2922 3727 2992 3788 ad

589 3852 798 3916 aquam
855 3831 1020 3903 Olth,
1078 3854 1211 3898 cum
1264 3834 1539 3897 omnibus
1585 3834 1939 3898 utilitatibus
1978 3835 2105 3896 suis
2151 3840 2214 3897 et
2247 3836 2642 3917 pertinentiis
2696 3836 2990 3906 dedimuS,

581 3939 927 4002 donavimus
956 3958 1026 4000 ac
1061 3939 1419 4003 contulimus
1451 3940 1567 4021 ipsi
1602 3940 1807 4002 comiti
1855 3938 2167 4012 Corlardo,
2217 3947 2280 4003 ct
2327 3962 2441 4022 per
2475 3960 2613 4004 eum
2649 3944 2783 4005 suis
2819 3943 2993 4006 here-

581 4048 778 4119 dibus,
815 4045 1226 4128 heredumque
1261 4065 1503 4109 suorum
1549 4046 2014 4110 successoribus
2059 4048 2193 4111 iure
2225 4053 2548 4132 perpetuo,
2586 4054 2649 4112 et
2684 4051 2992 4115 irrevoca-

573 4156 778 4216 biliter
809 4151 1240 4237 possidendam
1285 4158 1346 4214 et
1386 4152 1745 4216 habendam.
1810 4155 1901 4216 Ne
1950 4159 2162 4216 autem·
2192 4175 2376 4237 super
2409 4157 2530 4219 hac
2560 4163 2776 4222 nostra
2813 4158 2995 4223 dona-

577 4268 739 4324 tiune
775 4259 972 4343 aliqua
998 4260 1058 4321 in
1093 4265 1404 4341 posterum
1437 4261 1637 4340 possit
1667 4257 1801 4322 fieri
1836 4260 2133 4323 cavillatio
2180 4263 2273 4324 vel
2309 4262 2639 4334 detractio,
2667 4271 2991 4348 presentes

569 4372 782 4432 literas
817 4365 1008 4430 scribi
1043 4367 1319 4437 fecimuS,
1377 4371 1437 4427 et
1495 4366 1798 4448 dupplicis
1848 4367 2029 4450 sigilli
2073 4369 2271 4431 nostri
2318 4371 2651 4434 munimine
2697 4374 2988 4437 roborari.

569 4480 784 4540 Datum
845 4493 959 4556 per
1017 4492 1225 4534 manus
1283 4471 1536 4534 Mattbie
1584 4475 1880 4555 prepositi
1952 4475 2416 4554 ZagrabiensiS,
2486 4482 2549 4541 et
2596 4480 2739 4544 aule
2787 4486 2993 4545 nostre
