<?xml version="1.0" encoding="UTF-8"?>
<!DOCTYPE html PUBLIC "-//W3C//DTD XHTML 1.0 Transitional//EN"
    "http://www.w3.org/TR/xhtml1/DTD/xhtml1-transitional.dtd">
<html xmlns="http://www.w3.org/1999/xhtml" xml:lang="en" lang="en">
 <head>
  <title>
</title>
<meta http-equiv="Content-Type" content="text/html;charset=utf-8" />
  <meta name='ocr-system' content='tesseract 3.04.00' />
  <meta name='ocr-capabilities' content='ocr_page ocr_carea ocr_par ocr_line ocrx_word'/>
</head>
<body>
  <div class='ocr_page' id='page_1' title='image "./fontesrerumaust26kommgoog_0254.png"; bbox 0 0 3150 5092; ppageno 0'>
   <div class='ocr_carea' id='block_1_1' title="bbox 316 307 389 382">
    <p class='ocr_par' dir='ltr' id='par_1_1' title="bbox 316 307 389 382">
     <span class='ocr_line' id='line_1_1' title="bbox 316 307 389 382; baseline 0 0"><span class='ocrx_word' id='word_1_1' title='bbox 316 307 389 382; x_wconf 82' lang='lat' dir='ltr'>loo</span> 
     </span>
    </p>
   </div>
   <div class='ocr_carea' id='block_1_2' title="bbox 304 487 1567 4291">
    <p class='ocr_par' dir='ltr' id='par_1_2' title="bbox 309 487 1492 692">
     <span class='ocr_line' id='line_1_2' title="bbox 309 487 1492 584; baseline 0.014 -32"><span class='ocrx_word' id='word_1_2' title='bbox 309 491 340 552; x_wconf 84' lang='lat' dir='ltr'>et</span> <span class='ocrx_word' id='word_1_3' title='bbox 366 487 423 562; x_wconf 90' lang='lat' dir='ltr'>bis,</span> <span class='ocrx_word' id='word_1_4' title='bbox 450 489 500 576; x_wconf 81' lang='lat' dir='ltr'>qui</span> <span class='ocrx_word' id='word_1_5' title='bbox 521 489 551 554; x_wconf 89' lang='lat' dir='ltr'>iu</span> <span class='ocrx_word' id='word_1_6' title='bbox 566 509 661 575; x_wconf 77' lang='lat' dir='ltr'>regno</span> <span class='ocrx_word' id='word_1_7' title='bbox 679 496 781 556; x_wconf 87' lang='lat' dir='ltr'>nostro</span> <span class='ocrx_word' id='word_1_8' title='bbox 804 499 981 559; x_wconf 78' lang='lat' dir='ltr'>nocumenta</span> <span class='ocrx_word' id='word_1_9' title='bbox 1000 495 1177 584; x_wconf 77' lang='lat' dir='ltr'>frequenter</span> <span class='ocrx_word' id='word_1_10' title='bbox 1201 499 1372 574; x_wconf 83' lang='lat' dir='ltr'>intulerunt,</span> <span class='ocrx_word' id='word_1_11' title='bbox 1394 501 1492 568; x_wconf 90' lang='lat' dir='ltr'>nulla-</span> 
     </span>
     <span class='ocr_line' id='line_1_3' title="bbox 314 599 1360 692; baseline 0.01 -30"><span class='ocrx_word' id='word_1_12' title='bbox 314 601 399 664; x_wconf 88' lang='lat' dir='ltr'>tenus</span> <span class='ocrx_word' id='word_1_13' title='bbox 416 599 615 672; x_wconf 82' lang='lat' dir='ltr'>conteremus,</span> <span class='ocrx_word' id='word_1_14' title='bbox 633 619 689 665; x_wconf 91' lang='lat' dir='ltr'>noc</span> <span class='ocrx_word' id='word_1_15' title='bbox 705 600 838 664; x_wconf 89' lang='lat' dir='ltr'>consiliis</span> <span class='ocrx_word' id='word_1_16' title='bbox 855 605 966 668; x_wconf 86' lang='lat' dir='ltr'>nostris</span> <span class='ocrx_word' id='word_1_17' title='bbox 980 605 1130 670; x_wconf 88' lang='lat' dir='ltr'>interesse</span> <span class='ocrx_word' id='word_1_18' title='bbox 1145 611 1360 692; x_wconf 81' lang='lat' dir='ltr'><strong>permittemus.</strong></span> 
     </span>
    </p>

    <p class='ocr_par' dir='ltr' id='par_1_3' title="bbox 314 707 1567 1014">
     <span class='ocr_line' id='line_1_4' title="bbox 401 707 1493 804; baseline 0.007 -30"><span class='ocrx_word' id='word_1_19' title='bbox 401 710 465 774; x_wconf 82' lang='grc' dir='ltr'>Αή.</span> <span class='ocrx_word' id='word_1_20' title='bbox 483 707 516 773; x_wconf 79' lang='grc'>4.</span> <span class='ocrx_word' id='word_1_21' title='bbox 537 708 601 773; x_wconf 89' lang='lat' dir='ltr'>Nec</span> <span class='ocrx_word' id='word_1_22' title='bbox 612 707 757 783; x_wconf 89' lang='lat' dir='ltr'>barones,</span> <span class='ocrx_word' id='word_1_23' title='bbox 773 730 843 775; x_wconf 87' lang='lat' dir='ltr'>suas</span> <span class='ocrx_word' id='word_1_24' title='bbox 860 711 1019 796; x_wconf 75' lang='lat' dir='ltr'>dignitates</span> <span class='ocrx_word' id='word_1_25' title='bbox 1035 717 1066 779; x_wconf 93' lang='lat' dir='ltr'>in</span> <span class='ocrx_word' id='word_1_26' title='bbox 1081 724 1163 780; x_wconf 87' lang='lat' dir='ltr'>certa</span> <span class='ocrx_word' id='word_1_27' title='bbox 1182 720 1348 804; x_wconf 83' lang='lat' dir='ltr'>quantitate</span> <span class='ocrx_word' id='word_1_28' title='bbox 1364 722 1493 804; x_wconf 76' lang='lat' dir='ltr'>pecunie</span> 
     </span>
     <span class='ocr_line' id='line_1_5' title="bbox 314 816 1567 912; baseline 0.011 -32"><span class='ocrx_word' id='word_1_29' title='bbox 314 816 414 882; x_wconf 87' lang='lat' dir='ltr'>locare</span> <span class='ocrx_word' id='word_1_30' title='bbox 436 819 650 904; x_wconf 77' lang='lat' dir='ltr'>permittemus.</span> <span class='ocrx_word' id='word_1_31' title='bbox 679 820 743 884; x_wconf 89' lang='lat' dir='ltr'>Neo</span> <span class='ocrx_word' id='word_1_32' title='bbox 761 822 844 888; x_wconf 82' lang='lat' dir='ltr'>vices</span> <span class='ocrx_word' id='word_1_33' title='bbox 859 841 939 896; x_wconf 88' lang='lat' dir='ltr'>suas,</span> <span class='ocrx_word' id='word_1_34' title='bbox 955 823 1021 888; x_wconf 88' lang='lat' dir='ltr'>siue</span> <span class='ocrx_word' id='word_1_35' title='bbox 1037 823 1196 904; x_wconf 85' lang='lat' dir='ltr'>iudicatus,</span> <span class='ocrx_word' id='word_1_36' title='bbox 1209 827 1240 890; x_wconf 93' lang='lat' dir='ltr'>in</span> <span class='ocrx_word' id='word_1_37' title='bbox 1255 828 1398 912; x_wconf 88' lang='lat' dir='ltr'>parochia</span> <span class='ocrx_word' id='word_1_38' title='bbox 1416 849 1492 893; x_wconf 90' lang='lat' dir='ltr'>con·</span> <span class='ocrx_word' id='word_1_39' title='bbox 1566 876 1567 880; x_wconf 44' lang='lat'><em>=</em></span> 
     </span>
     <span class='ocr_line' id='line_1_6' title="bbox 314 925 758 1014; baseline 0.005 -23"><span class='ocrx_word' id='word_1_40' title='bbox 314 927 388 991; x_wconf 87' lang='lat' dir='ltr'>terri</span> <span class='ocrx_word' id='word_1_41' title='bbox 404 925 584 1010; x_wconf 79' lang='lat' dir='ltr'>ignobilibus</span> <span class='ocrx_word' id='word_1_42' title='bbox 601 929 758 1014; x_wconf 87' lang='lat' dir='ltr'>patiemur.</span> 
     </span>
    </p>

    <p class='ocr_par' dir='ltr' id='par_1_4' title="bbox 311 1028 1567 1461">
     <span class='ocr_line' id='line_1_7' title="bbox 397 1028 1567 1128; baseline 0.011 -29"><span class='ocrx_word' id='word_1_43' title='bbox 397 1038 459 1101; x_wconf 78' lang='grc' dir='ltr'>Λή.</span> <span class='ocrx_word' id='word_1_44' title='bbox 482 1037 513 1100; x_wconf 79' lang='lat' dir='ltr'>b.</span> <span class='ocrx_word' id='word_1_45' title='bbox 538 1037 629 1104; x_wconf 85' lang='lat' dir='ltr'>item:</span> <span class='ocrx_word' id='word_1_46' title='bbox 654 1038 752 1104; x_wconf 90' lang='lat' dir='ltr'>nullus</span> <span class='ocrx_word' id='word_1_47' title='bbox 777 1039 842 1104; x_wconf 88' lang='lat' dir='ltr'>sino</span> <span class='ocrx_word' id='word_1_48' title='bbox 873 1039 1041 1106; x_wconf 89' lang='lat' dir='ltr'>testimonio</span> <span class='ocrx_word' id='word_1_49' title='bbox 1063 1043 1256 1128; x_wconf 87' lang='lat' dir='ltr'>capitulorum</span> <span class='ocrx_word' id='word_1_50' title='bbox 1279 1047 1328 1109; x_wconf 82' lang='lat' dir='ltr'>vel</span> <span class='ocrx_word' id='word_1_51' title='bbox 1353 1066 1491 1111; x_wconf 92' lang='lat' dir='ltr'>conuen-</span> <span class='ocrx_word' id='word_1_52' title='bbox 1566 1028 1567 1111; x_wconf 61' lang='lat'>?</span> 
     </span>
     <span class='ocr_line' id='line_1_8' title="bbox 311 1145 1567 1239; baseline 0.01 -31"><span class='ocrx_word' id='word_1_53' title='bbox 311 1149 409 1218; x_wconf 74' lang='lat' dir='ltr'>mom,</span> <span class='ocrx_word' id='word_1_54' title='bbox 436 1145 474 1211; x_wconf 89' lang='lat' dir='ltr'>ad</span> <span class='ocrx_word' id='word_1_55' title='bbox 495 1148 677 1233; x_wconf 88' lang='lat' dir='ltr'>presentiam</span> <span class='ocrx_word' id='word_1_56' title='bbox 699 1148 852 1214; x_wconf 73' lang='lat' dir='ltr'>eumalium</span> <span class='ocrx_word' id='word_1_57' title='bbox 867 1151 1008 1216; x_wconf 92' lang='lat' dir='ltr'>comitum</span> <span class='ocrx_word' id='word_1_58' title='bbox 1018 1150 1045 1239; x_wconf 90' lang='lat'>¹)</span> <span class='ocrx_word' id='word_1_59' title='bbox 1070 1153 1119 1217; x_wconf 87' lang='lat' dir='ltr'>rel</span> <span class='ocrx_word' id='word_1_60' title='bbox 1139 1156 1379 1229; x_wconf 78' lang='lat' dir='ltr'>vicecomitum,</span> <span class='ocrx_word' id='word_1_61' title='bbox 1402 1157 1492 1221; x_wconf 88' lang='lat' dir='ltr'>citari</span> <span class='ocrx_word' id='word_1_62' title='bbox 1566 1164 1567 1175; x_wconf 61' lang='lat'>¹</span> 
     </span>
     <span class='ocr_line' id='line_1_9' title="bbox 312 1255 1494 1352; baseline 0.008 -32"><span class='ocrx_word' id='word_1_63' title='bbox 312 1255 415 1339; x_wconf 88' lang='lat' dir='ltr'>possit.</span> <span class='ocrx_word' id='word_1_64' title='bbox 441 1256 505 1322; x_wconf 90' lang='lat' dir='ltr'>Nec</span> <span class='ocrx_word' id='word_1_65' title='bbox 521 1277 622 1324; x_wconf 90' lang='lat' dir='ltr'>comes</span> <span class='ocrx_word' id='word_1_66' title='bbox 645 1259 786 1325; x_wconf 81' lang='lat' dir='ltr'>iudicirun</span> <span class='ocrx_word' id='word_1_67' title='bbox 802 1260 958 1345; x_wconf 89' lang='lat' dir='ltr'>recipere,</span> <span class='ocrx_word' id='word_1_68' title='bbox 987 1265 1038 1326; x_wconf 85' lang='lat' dir='ltr'>aut</span> <span class='ocrx_word' id='word_1_69' title='bbox 1057 1262 1192 1327; x_wconf 88' lang='lat' dir='ltr'>iudicare</span> <span class='ocrx_word' id='word_1_70' title='bbox 1207 1270 1362 1348; x_wconf 81' lang='lat' dir='ltr'>presumat</span> <span class='ocrx_word' id='word_1_71' title='bbox 1376 1266 1494 1352; x_wconf 85' lang='lat' dir='ltr'>absque</span> 
     </span>
     <span class='ocr_line' id='line_1_10' title="bbox 312 1366 1567 1452; baseline 0.008 -24"><span class='ocrx_word' id='word_1_72' title='bbox 312 1369 437 1450; x_wconf 86' lang='lat' dir='ltr'>quatuor</span> <span class='ocrx_word' id='word_1_73' title='bbox 457 1366 608 1433; x_wconf 89' lang='lat' dir='ltr'>nubilibus</span> <span class='ocrx_word' id='word_1_74' title='bbox 623 1369 791 1436; x_wconf 87' lang='lat' dir='ltr'>nominatis.</span> <span class='ocrx_word' id='word_1_75' title='bbox 1565 1383 1567 1452; x_wconf 75' lang='lat' dir='ltr'>l</span> 
     </span>
    </p>

    <p class='ocr_par' dir='ltr' id='par_1_5' title="bbox 310 1466 1567 1981">
     <span class='ocr_line' id='line_1_11' title="bbox 399 1466 1567 1567; baseline 0.006 -27"><span class='ocrx_word' id='word_1_76' title='bbox 399 1478 461 1541; x_wconf 81' lang='lat' dir='ltr'>Art.</span> <span class='ocrx_word' id='word_1_77' title='bbox 479 1477 509 1540; x_wconf 85' lang='grc'>6.</span> <span class='ocrx_word' id='word_1_78' title='bbox 530 1478 603 1544; x_wconf 86' lang='lat' dir='ltr'>Item</span> <span class='ocrx_word' id='word_1_79' title='bbox 624 1479 811 1554; x_wconf 83' lang='lat' dir='ltr'>donationes,</span> <span class='ocrx_word' id='word_1_80' title='bbox 828 1500 886 1565; x_wconf 86' lang='lat' dir='ltr'>que</span> <span class='ocrx_word' id='word_1_81' title='bbox 901 1500 958 1565; x_wconf 89' lang='lat' dir='ltr'>per</span> <span class='ocrx_word' id='word_1_82' title='bbox 973 1479 1107 1547; x_wconf 90' lang='lat' dir='ltr'>dominos</span> <span class='ocrx_word' id='word_1_83' title='bbox 1126 1479 1227 1547; x_wconf 89' lang='lat' dir='ltr'>Belam</span> <span class='ocrx_word' id='word_1_84' title='bbox 1249 1489 1281 1546; x_wconf 89' lang='lat' dir='ltr'>et</span> <span class='ocrx_word' id='word_1_85' title='bbox 1292 1483 1493 1567; x_wconf 84' lang='lat' dir='ltr'>Stephanum,</span> <span class='ocrx_word' id='word_1_86' title='bbox 1565 1466 1567 1489; x_wconf 54' lang='lat'>³</span> 
     </span>
     <span class='ocr_line' id='line_1_12' title="bbox 310 1527 1567 1671; baseline 0.01 -24"><span class='ocrx_word' id='word_1_87' title='bbox 310 1583 428 1650; x_wconf 87' lang='lat' dir='ltr'>inclitos</span> <span class='ocrx_word' id='word_1_88' title='bbox 455 1606 544 1670; x_wconf 86' lang='lat' dir='ltr'>reges</span> <span class='ocrx_word' id='word_1_89' title='bbox 572 1587 739 1671; x_wconf 80' lang='lat' dir='ltr'>ilungario,</span> <span class='ocrx_word' id='word_1_90' title='bbox 763 1588 893 1654; x_wconf 76' lang='lat' dir='ltr'>felicium</span> <span class='ocrx_word' id='word_1_91' title='bbox 915 1590 1165 1667; x_wconf 77' lang='lat' dir='ltr'>recordationum,</span> <span class='ocrx_word' id='word_1_92' title='bbox 1186 1629 1232 1640; x_wconf 90' lang='lat'><em>-</em></span> <span class='ocrx_word' id='word_1_93' title='bbox 1255 1629 1299 1640; x_wconf 93' lang='lat'><em>-</em></span> <span class='ocrx_word' id='word_1_94' title='bbox 1319 1592 1492 1658; x_wconf 86' lang='lat' dir='ltr'>nullatenus</span> <span class='ocrx_word' id='word_1_95' title='bbox 1564 1527 1567 1656; x_wconf 86' lang='lat' dir='ltr'>l</span> 
     </span>
     <span class='ocr_line' id='line_1_13' title="bbox 311 1698 1495 1788; baseline 0.009 -30"><span class='ocrx_word' id='word_1_96' title='bbox 311 1713 505 1772; x_wconf 81' lang='lat' dir='ltr'>reuocamus3</span> <span class='ocrx_word' id='word_1_97' title='bbox 541 1715 607 1761; x_wconf 92' lang='lat' dir='ltr'>oum</span> <span class='ocrx_word' id='word_1_98' title='bbox 629 1698 734 1774; x_wconf 93' lang='lat' dir='ltr'>iidem,</span> <span class='ocrx_word' id='word_1_99' title='bbox 761 1698 911 1764; x_wconf 89' lang='lat' dir='ltr'>mediante</span> <span class='ocrx_word' id='word_1_100' title='bbox 936 1701 1066 1776; x_wconf 90' lang='lat' dir='ltr'>iustitia,</span> <span class='ocrx_word' id='word_1_101' title='bbox 1090 1701 1170 1766; x_wconf 86' lang='lat' dir='ltr'>felici</span> <span class='ocrx_word' id='word_1_102' title='bbox 1193 1723 1337 1768; x_wconf 90' lang='lat' dir='ltr'>successu</span> <span class='ocrx_word' id='word_1_103' title='bbox 1362 1710 1394 1768; x_wconf 87' lang='lat' dir='ltr'>et</span> <span class='ocrx_word' id='word_1_104' title='bbox 1420 1724 1495 1788; x_wconf 91' lang='lat' dir='ltr'>pro·</span> 
     </span>
     <span class='ocr_line' id='line_1_14' title="bbox 311 1805 1567 1907; baseline 0.007 -41"><span class='ocrx_word' id='word_1_105' title='bbox 311 1823 417 1888; x_wconf 89' lang='lat' dir='ltr'>spero,</span> <span class='ocrx_word' id='word_1_106' title='bbox 438 1825 562 1890; x_wconf 78' lang='lat' dir='ltr'>regnum</span> <span class='ocrx_word' id='word_1_107' title='bbox 585 1805 734 1891; x_wconf 82' lang='lat' dir='ltr'>ilungarie</span> <span class='ocrx_word' id='word_1_108' title='bbox 761 1807 1013 1890; x_wconf 81' lang='lat' dir='ltr'>gubernouerint,</span> <span class='ocrx_word' id='word_1_109' title='bbox 1040 1813 1072 1874; x_wconf 90' lang='lat' dir='ltr'>et</span> <span class='ocrx_word' id='word_1_110' title='bbox 1091 1810 1203 1876; x_wconf 86' lang='lat' dir='ltr'>salubri</span> <span class='ocrx_word' id='word_1_111' title='bbox 1225 1833 1345 1897; x_wconf 90' lang='lat' dir='ltr'>semper</span> <span class='ocrx_word' id='word_1_112' title='bbox 1361 1813 1492 1878; x_wconf 90' lang='lat' dir='ltr'>consilio</span> <span class='ocrx_word' id='word_1_113' title='bbox 1566 1852 1567 1907; x_wconf 73' lang='lat' dir='ltr'>l</span> 
     </span>
     <span class='ocr_line' id='line_1_15' title="bbox 311 1909 1567 1981; baseline 0.006 -4"><span class='ocrx_word' id='word_1_114' title='bbox 311 1912 421 1979; x_wconf 83' lang='lat' dir='ltr'>fuerint</span> <span class='ocrx_word' id='word_1_115' title='bbox 436 1917 491 1981; x_wconf 82' lang='lat' dir='ltr'>vsi.</span> <span class='ocrx_word' id='word_1_116' title='bbox 1566 1909 1567 1915; x_wconf 8' lang='grc' dir='ltr'>ἵ</span> 
     </span>
    </p>

    <p class='ocr_par' dir='ltr' id='par_1_6' title="bbox 306 2022 1497 2854">
     <span class='ocr_line' id='line_1_16' title="bbox 399 2022 1487 2112; baseline 0.006 -24"><span class='ocrx_word' id='word_1_117' title='bbox 399 2025 462 2089; x_wconf 79' lang='grc' dir='ltr'>Λή.</span> <span class='ocrx_word' id='word_1_118' title='bbox 481 2023 511 2088; x_wconf 81' lang='grc'>7.</span> <span class='ocrx_word' id='word_1_119' title='bbox 534 2022 598 2090; x_wconf 83' lang='lat' dir='ltr'>Nec</span> <span class='ocrx_word' id='word_1_120' title='bbox 618 2024 676 2090; x_wconf 90' lang='lat' dir='ltr'>boo</span> <span class='ocrx_word' id='word_1_121' title='bbox 697 2024 950 2109; x_wconf 89' lang='lat' dir='ltr'>pretermittimus,</span> <span class='ocrx_word' id='word_1_122' title='bbox 968 2027 1055 2112; x_wconf 91' lang='lat' dir='ltr'>qnod,</span> <span class='ocrx_word' id='word_1_123' title='bbox 1071 2029 1140 2112; x_wconf 88' lang='lat' dir='ltr'>quia</span> <span class='ocrx_word' id='word_1_124' title='bbox 1152 2027 1288 2094; x_wconf 90' lang='lat' dir='ltr'>dominus</span> <span class='ocrx_word' id='word_1_125' title='bbox 1303 2050 1358 2094; x_wconf 82' lang='lat' dir='ltr'>rex</span> <span class='ocrx_word' id='word_1_126' title='bbox 1373 2029 1487 2095; x_wconf 81' lang='lat' dir='ltr'>badis-</span> 
     </span>
     <span class='ocr_line' id='line_1_17' title="bbox 310 2131 1494 2220; baseline 0.008 -26"><span class='ocrx_word' id='word_1_127' title='bbox 310 2131 384 2204; x_wconf 85' lang='lat' dir='ltr'>laus,</span> <span class='ocrx_word' id='word_1_128' title='bbox 400 2133 493 2196; x_wconf 82' lang='lat' dir='ltr'>irater</span> <span class='ocrx_word' id='word_1_129' title='bbox 508 2137 621 2206; x_wconf 85' lang='lat' dir='ltr'>noster,</span> <span class='ocrx_word' id='word_1_130' title='bbox 643 2134 672 2196; x_wconf 94' lang='lat' dir='ltr'>in</span> <span class='ocrx_word' id='word_1_131' title='bbox 689 2138 769 2198; x_wconf 86' lang='lat' dir='ltr'>etate</span> <span class='ocrx_word' id='word_1_132' title='bbox 784 2140 888 2198; x_wconf 91' lang='lat' dir='ltr'>tenera</span> <span class='ocrx_word' id='word_1_133' title='bbox 904 2136 1001 2199; x_wconf 86' lang='lat' dir='ltr'>fuerat</span> <span class='ocrx_word' id='word_1_134' title='bbox 1017 2135 1206 2207; x_wconf 89' lang='lat' dir='ltr'>constitutus,</span> <span class='ocrx_word' id='word_1_135' title='bbox 1221 2142 1254 2200; x_wconf 85' lang='lat' dir='ltr'>et</span> <span class='ocrx_word' id='word_1_136' title='bbox 1265 2157 1393 2220; x_wconf 86' lang='lat' dir='ltr'>regnum</span> <span class='ocrx_word' id='word_1_137' title='bbox 1404 2139 1494 2203; x_wconf 89' lang='lat' dir='ltr'>Hun-</span> 
     </span>
     <span class='ocr_line' id='line_1_18' title="bbox 309 2242 1497 2330; baseline 0.003 -26"><span class='ocrx_word' id='word_1_138' title='bbox 309 2243 393 2323; x_wconf 83' lang='lat' dir='ltr'>garie</span> <span class='ocrx_word' id='word_1_139' title='bbox 421 2242 541 2305; x_wconf 84' lang='lat' dir='ltr'>Tartari</span> <span class='ocrx_word' id='word_1_140' title='bbox 568 2243 742 2326; x_wconf 81' lang='lat' dir='ltr'>frequenter</span> <span class='ocrx_word' id='word_1_141' title='bbox 771 2243 956 2316; x_wconf 84' lang='lat' dir='ltr'>inuaserant,</span> <span class='ocrx_word' id='word_1_142' title='bbox 978 2247 1010 2306; x_wconf 89' lang='lat' dir='ltr'>et</span> <span class='ocrx_word' id='word_1_143' title='bbox 1030 2243 1223 2327; x_wconf 88' lang='lat' dir='ltr'>quorumdam</span> <span class='ocrx_word' id='word_1_144' title='bbox 1237 2245 1382 2311; x_wconf 89' lang='lat' dir='ltr'>nobilium</span> <span class='ocrx_word' id='word_1_145' title='bbox 1399 2249 1497 2330; x_wconf 84' lang='lat' dir='ltr'>regni</span> 
     </span>
     <span class='ocr_line' id='line_1_19' title="bbox 309 2349 1489 2438; baseline 0.007 -25"><span class='ocrx_word' id='word_1_146' title='bbox 309 2351 402 2414; x_wconf 88' lang='lat' dir='ltr'>nostri</span> <span class='ocrx_word' id='word_1_147' title='bbox 418 2355 519 2435; x_wconf 88' lang='lat' dir='ltr'>putres</span> <span class='ocrx_word' id='word_1_148' title='bbox 535 2355 566 2414; x_wconf 90' lang='lat' dir='ltr'>et</span> <span class='ocrx_word' id='word_1_149' title='bbox 582 2351 690 2415; x_wconf 87' lang='lat' dir='ltr'>fratres</span> <span class='ocrx_word' id='word_1_150' title='bbox 701 2352 730 2414; x_wconf 89' lang='lat' dir='ltr'>in</span> <span class='ocrx_word' id='word_1_151' title='bbox 743 2349 919 2415; x_wconf 87' lang='lat' dir='ltr'>defensione</span> <span class='ocrx_word' id='word_1_152' title='bbox 931 2351 1018 2434; x_wconf 82' lang='lat' dir='ltr'>regni</span> <span class='ocrx_word' id='word_1_153' title='bbox 1030 2355 1100 2415; x_wconf 90' lang='lat' dir='ltr'>sunt</span> <span class='ocrx_word' id='word_1_154' title='bbox 1112 2352 1292 2438; x_wconf 87' lang='lat' dir='ltr'>interempti,</span> <span class='ocrx_word' id='word_1_155' title='bbox 1310 2353 1489 2420; x_wconf 88' lang='lat' dir='ltr'>donationes</span> 
     </span>
     <span class='ocr_line' id='line_1_20' title="bbox 308 2460 1489 2544; baseline 0.006 -22"><span class='ocrx_word' id='word_1_156' title='bbox 308 2479 365 2544; x_wconf 88' lang='lat' dir='ltr'>pro</span> <span class='ocrx_word' id='word_1_157' title='bbox 381 2479 482 2524; x_wconf 87' lang='lat' dir='ltr'>eorum</span> <span class='ocrx_word' id='word_1_158' title='bbox 499 2460 630 2524; x_wconf 87' lang='lat' dir='ltr'>seruitiis</span> <span class='ocrx_word' id='word_1_159' title='bbox 646 2460 817 2537; x_wconf 88' lang='lat' dir='ltr'>meritoriis,</span> <span class='ocrx_word' id='word_1_160' title='bbox 833 2478 889 2543; x_wconf 89' lang='lat' dir='ltr'>per</span> <span class='ocrx_word' id='word_1_161' title='bbox 905 2460 1041 2524; x_wconf 90' lang='lat' dir='ltr'>eumdem</span> <span class='ocrx_word' id='word_1_162' title='bbox 1056 2479 1160 2544; x_wconf 86' lang='lat' dir='ltr'>regem</span> <span class='ocrx_word' id='word_1_163' title='bbox 1176 2461 1342 2526; x_wconf 84' lang='lat' dir='ltr'>Ladislaum</span> <span class='ocrx_word' id='word_1_164' title='bbox 1358 2465 1440 2530; x_wconf 89' lang='lat' dir='ltr'>inste</span> <span class='ocrx_word' id='word_1_165' title='bbox 1456 2471 1489 2531; x_wconf 89' lang='lat' dir='ltr'>et</span> 
     </span>
     <span class='ocr_line' id='line_1_21' title="bbox 306 2567 1487 2656; baseline 0.006 -25"><span class='ocrx_word' id='word_1_166' title='bbox 306 2567 443 2651; x_wconf 82' lang='lat' dir='ltr'>legitime</span> <span class='ocrx_word' id='word_1_167' title='bbox 471 2568 583 2646; x_wconf 85' lang='lat' dir='ltr'>iactas,</span> <span class='ocrx_word' id='word_1_168' title='bbox 605 2570 685 2634; x_wconf 85' lang='lat' dir='ltr'>iuxta</span> <span class='ocrx_word' id='word_1_169' title='bbox 712 2568 869 2634; x_wconf 86' lang='lat' dir='ltr'>consilium</span> <span class='ocrx_word' id='word_1_170' title='bbox 890 2568 1185 2653; x_wconf 89' lang='lat' dir='ltr'>archiepiscoporum</span> <span class='ocrx_word' id='word_1_171' title='bbox 1212 2571 1426 2656; x_wconf 86' lang='lat' dir='ltr'>episcoporum</span> <span class='ocrx_word' id='word_1_172' title='bbox 1453 2580 1487 2638; x_wconf 82' lang='lat' dir='ltr'>et</span> 
     </span>
     <span class='ocr_line' id='line_1_22' title="bbox 306 2679 1486 2764; baseline 0.005 -20"><span class='ocrx_word' id='word_1_173' title='bbox 306 2679 541 2744; x_wconf 80' lang='lat' dir='ltr'>consiliariorum</span> <span class='ocrx_word' id='word_1_174' title='bbox 571 2684 754 2753; x_wconf 88' lang='lat' dir='ltr'>nostrorum,</span> <span class='ocrx_word' id='word_1_175' title='bbox 792 2697 848 2764; x_wconf 93' lang='lat' dir='ltr'>per</span> <span class='ocrx_word' id='word_1_176' title='bbox 884 2698 1010 2762; x_wconf 84' lang='lat' dir='ltr'>regnum</span> <span class='ocrx_word' id='word_1_177' title='bbox 1044 2679 1267 2764; x_wconf 89' lang='lat' dir='ltr'>deputatorum,</span> <span class='ocrx_word' id='word_1_178' title='bbox 1305 2685 1486 2749; x_wconf 79' lang='lat' dir='ltr'>conservari</span> 
     </span>
     <span class='ocr_line' id='line_1_23' title="bbox 313 2787 466 2854; baseline 0.007 -3"><span class='ocrx_word' id='word_1_179' title='bbox 313 2787 466 2854; x_wconf 88' lang='lat' dir='ltr'>laeiemus.</span> 
     </span>
    </p>

    <p class='ocr_par' dir='ltr' id='par_1_7' title="bbox 304 2894 1492 3734">
     <span class='ocr_line' id='line_1_24' title="bbox 397 2894 1492 2985; baseline 0.003 -24"><span class='ocrx_word' id='word_1_180' title='bbox 397 2899 458 2963; x_wconf 78' lang='lat' dir='ltr'>Art.</span> <span class='ocrx_word' id='word_1_181' title='bbox 482 2896 512 2963; x_wconf 90' lang='lat'>8.</span> <span class='ocrx_word' id='word_1_182' title='bbox 541 2896 720 2962; x_wconf 83' lang='lat' dir='ltr'>Collaliunes</span> <span class='ocrx_word' id='word_1_183' title='bbox 746 2915 818 2962; x_wconf 82' lang='lat' dir='ltr'>reru</span> <span class='ocrx_word' id='word_1_184' title='bbox 840 2894 987 2960; x_wconf 92' lang='lat' dir='ltr'>indebitas</span> <span class='ocrx_word' id='word_1_185' title='bbox 1021 2901 1053 2961; x_wconf 89' lang='lat' dir='ltr'>et</span> <span class='ocrx_word' id='word_1_186' title='bbox 1077 2897 1204 2962; x_wconf 87' lang='lat' dir='ltr'>iniustas</span> <span class='ocrx_word' id='word_1_187' title='bbox 1232 2905 1367 2983; x_wconf 88' lang='lat' dir='ltr'>tempore</span> <span class='ocrx_word' id='word_1_188' title='bbox 1389 2900 1492 2985; x_wconf 81' lang='lat' dir='ltr'>ipsius</span> 
     </span>
     <span class='ocr_line' id='line_1_25' title="bbox 307 3005 1487 3090; baseline 0.003 -19"><span class='ocrx_word' id='word_1_189' title='bbox 307 3007 436 3071; x_wconf 83' lang='lat' dir='ltr'>Ladislai</span> <span class='ocrx_word' id='word_1_190' title='bbox 457 3007 540 3090; x_wconf 83' lang='lat' dir='ltr'>regis</span> <span class='ocrx_word' id='word_1_191' title='bbox 570 3007 665 3070; x_wconf 85' lang='lat' dir='ltr'>factas</span> <span class='ocrx_word' id='word_1_192' title='bbox 692 3005 898 3071; x_wconf 85' lang='lat' dir='ltr'>reuocabimus</span> <span class='ocrx_word' id='word_1_193' title='bbox 928 3007 1054 3071; x_wconf 86' lang='lat' dir='ltr'>consilio</span> <span class='ocrx_word' id='word_1_194' title='bbox 1082 3007 1253 3072; x_wconf 87' lang='lat' dir='ltr'>eorundem.</span> <span class='ocrx_word' id='word_1_195' title='bbox 1296 3006 1359 3074; x_wconf 90' lang='lat' dir='ltr'>lloc</span> <span class='ocrx_word' id='word_1_196' title='bbox 1382 3014 1487 3074; x_wconf 88' lang='lat' dir='ltr'>tamen</span> 
     </span>
     <span class='ocr_line' id='line_1_26' title="bbox 305 3114 1487 3204; baseline 0.004 -24"><span class='ocrx_word' id='word_1_197' title='bbox 305 3134 464 3200; x_wconf 82' lang='lat' dir='ltr'>expresso:</span> <span class='ocrx_word' id='word_1_198' title='bbox 488 3115 566 3202; x_wconf 88' lang='lat' dir='ltr'>quod</span> <span class='ocrx_word' id='word_1_199' title='bbox 589 3114 774 3192; x_wconf 88' lang='lat' dir='ltr'>collationes,</span> <span class='ocrx_word' id='word_1_200' title='bbox 802 3114 840 3178; x_wconf 92' lang='lat' dir='ltr'>ab</span> <span class='ocrx_word' id='word_1_201' title='bbox 862 3116 927 3201; x_wconf 84' lang='lat' dir='ltr'>ipso</span> <span class='ocrx_word' id='word_1_202' title='bbox 942 3134 1017 3199; x_wconf 83' lang='lat' dir='ltr'>rege</span> <span class='ocrx_word' id='word_1_203' title='bbox 1038 3116 1176 3182; x_wconf 83' lang='lat' dir='ltr'>Ladislao</span> <span class='ocrx_word' id='word_1_204' title='bbox 1193 3118 1297 3190; x_wconf 85' lang='lat' dir='ltr'>factas,</span> <span class='ocrx_word' id='word_1_205' title='bbox 1318 3140 1413 3204; x_wconf 84' lang='lat' dir='ltr'>usque</span> <span class='ocrx_word' id='word_1_206' title='bbox 1438 3121 1487 3185; x_wconf 84' lang='lat' dir='ltr'>fe·</span> 
     </span>
     <span class='ocr_line' id='line_1_27' title="bbox 306 3217 1485 3313; baseline 0.003 -24"><span class='ocrx_word' id='word_1_207' title='bbox 306 3233 382 3290; x_wconf 88' lang='lat' dir='ltr'>stum</span> <span class='ocrx_word' id='word_1_208' title='bbox 406 3217 499 3290; x_wconf 87' lang='lat' dir='ltr'>sancti</span> <span class='ocrx_word' id='word_1_209' title='bbox 526 3225 609 3308; x_wconf 85' lang='lat' dir='ltr'>regis</span> <span class='ocrx_word' id='word_1_210' title='bbox 637 3224 797 3309; x_wconf 89' lang='lat' dir='ltr'>Stephani,</span> <span class='ocrx_word' id='word_1_211' title='bbox 818 3244 895 3288; x_wconf 83' lang='lat' dir='ltr'>nune</span> <span class='ocrx_word' id='word_1_212' title='bbox 916 3229 1088 3298; x_wconf 87' lang='lat' dir='ltr'>venturum,</span> <span class='ocrx_word' id='word_1_213' title='bbox 1112 3227 1190 3310; x_wconf 87' lang='lat' dir='ltr'>apud</span> <span class='ocrx_word' id='word_1_214' title='bbox 1212 3228 1349 3300; x_wconf 91' lang='lat' dir='ltr'>eosdem,</span> <span class='ocrx_word' id='word_1_215' title='bbox 1373 3229 1485 3313; x_wconf 85' lang='lat' dir='ltr'>quibus</span> 
     </span>
     <span class='ocr_line' id='line_1_28' title="bbox 305 3332 1487 3417; baseline 0.003 -21"><span class='ocrx_word' id='word_1_216' title='bbox 305 3338 374 3397; x_wconf 87' lang='lat' dir='ltr'>sunt</span> <span class='ocrx_word' id='word_1_217' title='bbox 390 3333 508 3408; x_wconf 87' lang='lat' dir='ltr'>collate,</span> <span class='ocrx_word' id='word_1_218' title='bbox 522 3335 664 3398; x_wconf 86' lang='lat' dir='ltr'>faciemus</span> <span class='ocrx_word' id='word_1_219' title='bbox 681 3335 865 3398; x_wconf 87' lang='lat' dir='ltr'>conseruari.</span> <span class='ocrx_word' id='word_1_220' title='bbox 882 3332 1023 3417; x_wconf 82' lang='lat' dir='ltr'>Exceptis</span> <span class='ocrx_word' id='word_1_221' title='bbox 1038 3334 1151 3398; x_wconf 90' lang='lat' dir='ltr'>iuribus</span> <span class='ocrx_word' id='word_1_222' title='bbox 1166 3335 1328 3417; x_wconf 84' lang='lat' dir='ltr'>regalibus,</span> <span class='ocrx_word' id='word_1_223' title='bbox 1340 3335 1487 3402; x_wconf 83' lang='lat' dir='ltr'>videlieet</span> 
     </span>
     <span class='ocr_line' id='line_1_29' title="bbox 304 3433 1483 3529; baseline 0.002 -23"><span class='ocrx_word' id='word_1_224' title='bbox 304 3443 421 3517; x_wconf 89' lang='lat' dir='ltr'>castris,</span> <span class='ocrx_word' id='word_1_225' title='bbox 438 3433 562 3528; x_wconf 88' lang='lat' dir='ltr'>prediis,</span> <span class='ocrx_word' id='word_1_226' title='bbox 580 3441 758 3514; x_wconf 86' lang='lat' dir='ltr'>ciuitatibus,</span> <span class='ocrx_word' id='word_1_227' title='bbox 772 3443 938 3526; x_wconf 88' lang='lat' dir='ltr'>hospitibus</span> <span class='ocrx_word' id='word_1_228' title='bbox 953 3448 986 3507; x_wconf 86' lang='lat' dir='ltr'>et</span> <span class='ocrx_word' id='word_1_229' title='bbox 996 3443 1178 3517; x_wconf 82' lang='lat' dir='ltr'>rdnornicis,</span> <span class='ocrx_word' id='word_1_230' title='bbox 1195 3465 1253 3529; x_wconf 90' lang='lat' dir='ltr'>que</span> <span class='ocrx_word' id='word_1_231' title='bbox 1276 3445 1361 3508; x_wconf 89' lang='lat' dir='ltr'>nubis</span> <span class='ocrx_word' id='word_1_232' title='bbox 1378 3466 1483 3510; x_wconf 91' lang='lat' dir='ltr'>omnes</span> 
     </span>
     <span class='ocr_line' id='line_1_30' title="bbox 304 3551 1484 3640; baseline 0.003 -26"><span class='ocrx_word' id='word_1_233' title='bbox 304 3557 335 3616; x_wconf 91' lang='lat' dir='ltr'>et</span> <span class='ocrx_word' id='word_1_234' title='bbox 365 3551 486 3636; x_wconf 84' lang='lat' dir='ltr'>singuli,</span> <span class='ocrx_word' id='word_1_235' title='bbox 512 3553 537 3616; x_wconf 92' lang='lat' dir='ltr'>si</span> <span class='ocrx_word' id='word_1_236' title='bbox 564 3555 612 3636; x_wconf 89' lang='lat' dir='ltr'>qni</span> <span class='ocrx_word' id='word_1_237' title='bbox 637 3551 757 3625; x_wconf 89' lang='lat' dir='ltr'>babent,</span> <span class='ocrx_word' id='word_1_238' title='bbox 777 3551 825 3615; x_wconf 92' lang='lat' dir='ltr'>vel</span> <span class='ocrx_word' id='word_1_239' title='bbox 852 3556 1021 3625; x_wconf 87' lang='lat' dir='ltr'>tenuerunt,</span> <span class='ocrx_word' id='word_1_240' title='bbox 1040 3552 1170 3617; x_wconf 89' lang='lat' dir='ltr'>reddere</span> <span class='ocrx_word' id='word_1_241' title='bbox 1186 3561 1216 3617; x_wconf 89' lang='lat' dir='ltr'>et</span> <span class='ocrx_word' id='word_1_242' title='bbox 1233 3553 1395 3618; x_wconf 88' lang='lat' dir='ltr'>restituere</span> <span class='ocrx_word' id='word_1_243' title='bbox 1409 3574 1484 3640; x_wconf 91' lang='lat' dir='ltr'>pro-</span> 
     </span>
     <span class='ocr_line' id='line_1_31' title="bbox 305 3661 733 3734; baseline -0.002 -10"><span class='ocrx_word' id='word_1_244' title='bbox 305 3661 458 3734; x_wconf 86' lang='lat' dir='ltr'>miserunt,</span> <span class='ocrx_word' id='word_1_245' title='bbox 475 3667 505 3727; x_wconf 87' lang='lat' dir='ltr'>et</span> <span class='ocrx_word' id='word_1_246' title='bbox 521 3666 733 3726; x_wconf 90' lang='lat' dir='ltr'>assumserunt.</span> 
     </span>
    </p>

    <p class='ocr_par' dir='ltr' id='par_1_8' title="bbox 305 3771 1484 4291">
     <span class='ocr_line' id='line_1_32' title="bbox 395 3771 1483 3857; baseline 0.007 -21"><span class='ocrx_word' id='word_1_247' title='bbox 395 3773 458 3836; x_wconf 84' lang='grc' dir='ltr'>Αή.</span> <span class='ocrx_word' id='word_1_248' title='bbox 484 3774 513 3836; x_wconf 85' lang='grc'>9.</span> <span class='ocrx_word' id='word_1_249' title='bbox 543 3771 615 3837; x_wconf 92' lang='lat' dir='ltr'>ltem</span> <span class='ocrx_word' id='word_1_250' title='bbox 647 3771 828 3857; x_wconf 89' lang='lat' dir='ltr'>palatinum,</span> <span class='ocrx_word' id='word_1_251' title='bbox 858 3772 1032 3853; x_wconf 84' lang='lat' dir='ltr'>magistrum</span> <span class='ocrx_word' id='word_1_252' title='bbox 1060 3774 1276 3837; x_wconf 87' lang='lat' dir='ltr'>tauarnicorum</span> <span class='ocrx_word' id='word_1_253' title='bbox 1303 3781 1483 3844; x_wconf 79' lang='lat' dir='ltr'>nostrorum,</span> 
     </span>
     <span class='ocr_line' id='line_1_33' title="bbox 305 3880 1483 3964; baseline 0.003 -22"><span class='ocrx_word' id='word_1_254' title='bbox 305 3881 371 3945; x_wconf 87' lang='lat' dir='ltr'>viee</span> <span class='ocrx_word' id='word_1_255' title='bbox 397 3881 624 3954; x_wconf 87' lang='lat' dir='ltr'>cancellarium,</span> <span class='ocrx_word' id='word_1_256' title='bbox 645 3880 777 3963; x_wconf 85' lang='lat' dir='ltr'>judicem</span> <span class='ocrx_word' id='word_1_257' title='bbox 802 3881 900 3953; x_wconf 87' lang='lat' dir='ltr'>curie,</span> <span class='ocrx_word' id='word_1_258' title='bbox 924 3901 959 3942; x_wconf 83' lang='lat' dir='ltr'>ex</span> <span class='ocrx_word' id='word_1_259' title='bbox 976 3880 1100 3944; x_wconf 89' lang='lat' dir='ltr'>consilio</span> <span class='ocrx_word' id='word_1_260' title='bbox 1117 3881 1257 3946; x_wconf 91' lang='lat' dir='ltr'>nobilium</span> <span class='ocrx_word' id='word_1_261' title='bbox 1274 3883 1361 3964; x_wconf 83' lang='lat' dir='ltr'>regni</span> <span class='ocrx_word' id='word_1_262' title='bbox 1378 3884 1483 3955; x_wconf 89' lang='lat' dir='ltr'>nostri,</span> 
     </span>
     <span class='ocr_line' id='line_1_34' title="bbox 305 3985 1483 4074; baseline 0.001 -22"><span class='ocrx_word' id='word_1_263' title='bbox 305 4009 341 4052; x_wconf 82' lang='lat' dir='ltr'>ex</span> <span class='ocrx_word' id='word_1_264' title='bbox 368 3988 487 4074; x_wconf 87' lang='lat' dir='ltr'>antiqua</span> <span class='ocrx_word' id='word_1_265' title='bbox 518 3989 734 4054; x_wconf 88' lang='lat' dir='ltr'>consuetudine</span> <span class='ocrx_word' id='word_1_266' title='bbox 758 3989 843 4070; x_wconf 86' lang='lat' dir='ltr'>regni</span> <span class='ocrx_word' id='word_1_267' title='bbox 872 3985 967 4051; x_wconf 90' lang='lat' dir='ltr'>nostri</span> <span class='ocrx_word' id='word_1_268' title='bbox 992 3988 1148 4053; x_wconf 82' lang='lat' dir='ltr'>iaciemus.</span> <span class='ocrx_word' id='word_1_269' title='bbox 1185 3988 1274 4053; x_wconf 87' lang='lat' dir='ltr'>Saluo</span> <span class='ocrx_word' id='word_1_270' title='bbox 1297 3994 1396 4053; x_wconf 89' lang='lat' dir='ltr'>tamen</span> <span class='ocrx_word' id='word_1_271' title='bbox 1416 3991 1483 4055; x_wconf 92' lang='lat' dir='ltr'>iure</span> 
     </span>
     <span class='ocr_line' id='line_1_35' title="bbox 309 4096 1484 4186; baseline -0.001 -23"><span class='ocrx_word' id='word_1_272' title='bbox 309 4098 449 4164; x_wconf 83' lang='lat' dir='ltr'>Albensis</span> <span class='ocrx_word' id='word_1_273' title='bbox 466 4099 595 4164; x_wconf 88' lang='lat' dir='ltr'>ecclesie</span> <span class='ocrx_word' id='word_1_274' title='bbox 618 4103 648 4163; x_wconf 90' lang='lat' dir='ltr'>et</span> <span class='ocrx_word' id='word_1_275' title='bbox 664 4096 840 4184; x_wconf 80' lang='lat' dir='ltr'>priuilegio,</span> <span class='ocrx_word' id='word_1_276' title='bbox 857 4097 936 4182; x_wconf 89' lang='lat' dir='ltr'>quod</span> <span class='ocrx_word' id='word_1_277' title='bbox 952 4098 1089 4162; x_wconf 80' lang='lat' dir='ltr'>Albensis</span> <span class='ocrx_word' id='word_1_278' title='bbox 1106 4099 1235 4162; x_wconf 86' lang='lat' dir='ltr'>ecelesia</span> <span class='ocrx_word' id='word_1_279' title='bbox 1252 4104 1354 4164; x_wconf 88' lang='lat' dir='ltr'>nostra</span> <span class='ocrx_word' id='word_1_280' title='bbox 1375 4099 1407 4164; x_wconf 95' lang='lat' dir='ltr'>in</span> <span class='ocrx_word' id='word_1_281' title='bbox 1420 4101 1484 4186; x_wconf 89' lang='lat' dir='ltr'>ipsa</span> 
     </span>
     <span class='ocr_line' id='line_1_36' title="bbox 306 4205 1244 4291; baseline -0.002 -19"><span class='ocrx_word' id='word_1_282' title='bbox 306 4206 554 4272; x_wconf 78' lang='lat' dir='ltr'>vicecancellaria</span> <span class='ocrx_word' id='word_1_283' title='bbox 570 4207 670 4279; x_wconf 89' lang='lat' dir='ltr'>habet,</span> <span class='ocrx_word' id='word_1_284' title='bbox 686 4213 718 4271; x_wconf 94' lang='lat' dir='ltr'>et</span> <span class='ocrx_word' id='word_1_285' title='bbox 734 4206 846 4272; x_wconf 84' lang='lat' dir='ltr'>babere</span> <span class='ocrx_word' id='word_1_286' title='bbox 862 4205 1048 4289; x_wconf 85' lang='lat' dir='ltr'>dignoscitur</span> <span class='ocrx_word' id='word_1_287' title='bbox 1064 4206 1244 4291; x_wconf 84' lang='lat' dir='ltr'>abantiquo.</span> 
     </span>
    </p>
   </div>
   <div class='ocr_carea' id='block_1_3' title="bbox 303 4425 626 4438">
    <p class='ocr_par' dir='ltr' id='par_1_9' title="bbox 303 4425 626 4438">
     <span class='ocr_line' id='line_1_37' title="bbox 303 4425 626 4438; baseline 0 -2"><span class='ocrx_word' id='word_1_288' title='bbox 303 4425 626 4438; x_wconf 53' lang='lat'>*—</span> 
     </span>
    </p>
   </div>
   <div class='ocr_carea' id='block_1_4' title="bbox 343 4567 813 4630">
    <p class='ocr_par' dir='ltr' id='par_1_10' title="bbox 343 4567 813 4630">
     <span class='ocr_line' id='line_1_38' title="bbox 343 4567 813 4630; baseline -0.002 -15"><span class='ocrx_word' id='word_1_289' title='bbox 343 4567 368 4630; x_wconf 76' lang='grc'>1)</span> <span class='ocrx_word' id='word_1_290' title='bbox 386 4569 530 4616; x_wconf 79' lang='lat' dir='ltr'>comitatum·</span> <span class='ocrx_word' id='word_1_291' title='bbox 548 4571 572 4616; x_wconf 84' lang='lat' dir='ltr'>S.</span> <span class='ocrx_word' id='word_1_292' title='bbox 591 4568 813 4629; x_wconf 72' lang='lat' dir='ltr'>capitular-brebis.</span> 
     </span>
    </p>
   </div>
   <div class='ocr_carea' id='block_1_5' title="bbox 0 0 1580 5092">
    <p class='ocr_par' dir='ltr' id='par_1_11' title="bbox 0 0 1580 5092">
     <span class='ocr_line' id='line_1_39' title="bbox 0 0 1580 5092; baseline 0 2"><span class='ocrx_word' id='word_1_293' title='bbox 0 0 1580 5092; x_wconf 95' lang='lat' dir='ltr'> </span> 
     </span>
    </p>
   </div>
  </div>
 </body>
</html>
