3150 5092
310 357 384 428 110

314 530 375 594 Nos
400 531 502 616 itaque
530 530 721 594 attendentes
752 530 819 612 pias
847 536 879 594 et
901 529 1038 592 salubres
1066 530 1162 592 tuisse
1189 528 1273 610 ipsus
1306 527 1498 596 donaciones,

306 644 364 700 tam
396 644 522 722 propter
545 639 709 702 remedium
734 639 832 700 anime
860 638 1008 701 karissimi
1034 637 1128 721 patris
1152 635 1265 706 nostri,
1294 654 1382 718 quam
1405 636 1498 698 eciam

307 748 382 808 scitu
408 751 438 808 et
460 746 612 810 intellecta
642 750 821 828 pauperinis
845 745 941 826 ipsius
965 743 1102 826 capituli,
1128 743 1309 824 peticionem
1332 740 1499 820 hujusmodi

308 852 440 934 benigne
463 853 636 917 admisimus
659 853 743 934 regio
767 870 834 915 cum
853 853 957 916 fauore
972 852 1165 934 priuilegium
1181 857 1315 913 nostrum
1331 869 1427 932 super
1442 849 1498 928 lrijs

308 962 406 1024 eidem
436 961 639 1024 concedendo.
674 960 815 1023 Volumus
839 961 932 1042 igitur
956 962 1036 1042 quod
1067 962 1131 1044 ipsa
1155 958 1312 1022 saliiudiua
1343 957 1383 1020 de
1403 957 1498 1018 'lurda

306 1070 424 1152 prefato
441 1070 572 1152 capitulo
590 1089 645 1151 per
661 1068 851 1130 karissimum
873 1073 991 1149 patrem
1008 1073 1142 1132 nostrum
1160 1068 1286 1138 donata,
1313 1072 1346 1128 et
1364 1085 1401 1128 ex
1425 1083 1498 1126 nouo

304 1195 358 1257 per
376 1195 430 1237 nos
447 1177 620 1238 confirmata
639 1176 714 1239 adeo
731 1175 770 1238 sit
785 1175 882 1238 libera
899 1180 929 1237 et
947 1182 1083 1257 exempta
1106 1175 1144 1237 ab
1162 1173 1300 1236 omnibus
1318 1173 1498 1236 officialibus

306 1284 418 1346 nostris
446 1287 477 1346 et
499 1281 664 1366 woywodis
688 1303 743 1365 pru
768 1289 907 1364 tempore
931 1282 1102 1345 constitutis
1127 1301 1182 1343 seu
1199 1280 1439 1349 constituendis,
1464 1299 1498 1340 ac

306 1391 485 1456 officialibus
509 1392 700 1466 eurumdem,
726 1391 805 1475 quod
830 1391 911 1453 nullo
927 1397 1064 1473 tempore
1080 1391 1146 1472 ipsa
1164 1389 1338 1460 salifodina,
1363 1395 1396 1450 et
1416 1387 1499 1449 labo-

306 1505 408 1562 rantes
423 1503 452 1563 in
471 1518 516 1570 ea,
534 1500 652 1583 possint
669 1497 718 1562 uel
748 1499 881 1561 debeant
902 1518 960 1580 per
981 1518 1036 1560 eos
1052 1496 1203 1579 impediri,
1226 1502 1257 1558 et
1272 1495 1353 1580 quod
1371 1494 1453 1557 sales
1468 1495 1496 1555 in

305 1628 341 1670 ea
357 1607 457 1677 incisi,
474 1613 534 1669 tam
552 1608 579 1668 in
597 1627 694 1690 perne,
712 1625 799 1689 quam
816 1607 845 1667 in
860 1611 958 1668 estate
974 1606 1034 1667 siut
1049 1604 1140 1667 liberi
1152 1606 1281 1674 omnino,
1300 1612 1331 1664 et
1347 1604 1430 1686 quod
1446 1623 1499 1684 per

303 1733 394 1798 aquas
416 1721 447 1777 ct
476 1734 529 1796 per
549 1723 646 1777 terras
675 1713 864 1776 descendant
888 1713 984 1775 libere
1006 1732 1042 1776 ac
1067 1731 1186 1776 secure.
1223 1711 1366 1775 Volumus
1391 1712 1495 1778 eciam,

304 1823 383 1906 quud
403 1822 534 1885 uniuersi
550 1821 650 1904 populi
669 1823 804 1884 eiusdem
823 1821 946 1904 capituli
962 1821 1000 1884 air
1023 1821 1161 1884 omnibus
1176 1821 1314 1883 collectis
1332 1818 1496 1899 regalibus.

306 1949 360 2012 pro
377 1936 513 2015 tempore
529 1931 735 2014 imponendis,
759 1932 888 1994 absoluti
905 1931 966 1993 sint
980 1935 1128 2013 perpetuo
1145 1936 1177 1991 et
1192 1930 1332 2011 exempti.
1365 1929 1398 1989 lu
1417 1927 1499 1990 cuins

304 2039 348 2103 rei
365 2040 581 2109 testimonium,
599 2038 794 2101 stabilitatem
811 2045 842 2101 et
855 2041 1028 2101 memoriam
1044 2041 1220 2121 perpetuam
1237 2041 1399 2119 presentes
1417 2034 1497 2097 litte·

305 2170 354 2211 ras
377 2147 582 2210 concessimus
615 2147 746 2230 duplicis
771 2149 865 2228 sigilli
887 2149 983 2209 nostri
1006 2147 1167 2209 munimine
1191 2145 1360 2208 roboratas.
1392 2143 1495 2206 Datum

305 2275 361 2339 per
377 2276 480 2318 manus
497 2257 633 2335 magistri
650 2257 806 2319 Benedicti
823 2256 972 2338 prepositi
989 2255 1137 2318 lindensis
1152 2252 1330 2316 arehielecti
1341 2253 1496 2333 strigoni-

305 2365 387 2426 ensis
415 2365 613 2447 perpetuique
636 2365 755 2426 comitis
778 2362 912 2427 eiusdem
936 2364 1010 2433 loci,
1035 2363 1103 2425 aule
1125 2362 1212 2442 regie
1235 2359 1493 2424 vicecancellarii.

305 2474 389 2534 Auno
406 2472 519 2535 domini
535 2470 772 2534 M⁰.CC⁰.LXX⁰.
790 2479 886 2534 sexto.

848 2659 957 2728 CXlll.

599 2792 680 2855 into,
700 2794 743 2847 14.
763 2792 929 2864 September.
949 2754 1203 2860 weissenburg,

397 2901 459 2965 Nus
471 2902 622 2982 magister
635 2901 774 2964 Matheus
792 2903 957 2986 woyauoda
967 2900 1202 2970 Transsilrauie,
1220 2917 1322 2960 comes
1334 2899 1375 2960 de
1389 2895 1499 2965 Zonulr,

305 3016 412 3072 tenore
429 3011 618 3091 presencium
637 3009 852 3089 significamus,
869 3009 977 3093 quibus
995 3009 1118 3092 expedit
1135 3008 1292 3070 universis.
1306 3005 1396 3086 Quod
1413 3024 1500 3067 acce-

306 3115 381 3178 deus
395 3117 431 3177 ad
444 3124 573 3179 nostram
591 3117 779 3198 presenciam
795 3116 956 3198 capitulum
971 3116 1104 3179 ecclesie
1115 3113 1376 3178 dcatiMicloaelis
1384 3113 1499 3175 Trans·

306 3222 442 3294 silvanie,
460 3224 596 3288 exhibuit
612 3225 698 3287 nobis
715 3223 906 3307 priuilegium
923 3223 1033 3286 domini
1052 3223 1147 3286 nostri
1164 3222 1305 3293 Ladislai,
1324 3220 1382 3283 Dei
1399 3221 1499 3300 gracia

307 3331 390 3411 regis
407 3329 573 3412 Hungarie,
599 3351 690 3414 super
705 3331 862 3394 salifodina
880 3350 933 3393 sua
950 3330 989 3392 de
1005 3331 1125 3401 l'orda,
1147 3335 1179 3392 et
1201 3348 1294 3410 super
1310 3328 1499 3391 relnxucione

306 3438 454 3519 regalium
472 3439 664 3502 colleetarum
683 3461 698 3502 a
716 3440 835 3522 populis
852 3440 916 3501 suis
932 3457 987 3520 pro
1003 3444 1141 3521 ternpore
1157 3434 1384 3516 erigendarum,
1393 3442 1499 3518 petens

307 3545 434 3618 anobis,
453 3554 483 3608 ut
499 3547 594 3629 ipsius
607 3546 756 3629 priuilegii
770 3550 1014 3628 transsumptum,
1032 3564 1087 3626 pro
1100 3565 1147 3615 eo,
1165 3543 1245 3626 quod
1262 3544 1360 3626 ipsum
1381 3560 1499 3610 secure,

308 3655 451 3738 quociens
470 3672 597 3717 necesse
614 3653 772 3724 haberent,
790 3653 913 3716 exibere
931 3673 987 3713 nnn
1006 3657 1268 3735 poteraut,nostru
1285 3649 1389 3730 sigillo
1403 3651 1498 3710 muni·

307 3783 418 3825 remus.
437 3762 527 3825 Cuius
543 3761 662 3846 quidem
682 3761 830 3843 priuilegii
847 3767 935 3822 tenor
951 3760 1019 3822 talis
1036 3763 1093 3822 cst.
1115 3759 1166 3843 (S.
1182 3759 1231 3820 die
1245 3757 1497 3838 vorlrergeheude

307 3871 411 3956 Urlr.).
439 3871 524 3934 Unde
541 3891 594 3932 nos
612 3870 648 3932 ad
666 3869 843 3931 instanciam
859 3877 890 3930 et
906 3869 1087 3949 peticionem
1110 3867 1183 3929 dicti
1200 3867 1339 3949 capituli,
1362 3875 1496 3930 tenorem

306 3980 402 4062 ipsius
419 3977 569 4061 priuilegii
586 3976 697 4060 regalis
715 3997 768 4038 seu
787 3978 1013 4057 transcriptum,
1027 3975 1127 4057 sigillo
1145 3981 1246 4038 nostro
1263 3975 1393 4036 lecimus
1410 3972 1498 4036 robo-

305 4089 376 4149 rari.
402 4086 501 4166 Quare
523 4085 707 4168 precipimus
723 4083 809 4146 uobis
826 4082 963 4145 omnibus
986 4082 1167 4144 officialibus
1190 4081 1304 4143 nostris
1326 4079 1455 4143 firmiter
1470 4084 1499 4142 et

308 4193 464 4264 distincte,
482 4198 627 4276 quatenus
646 4191 793 4254 officiales
809 4197 839 4252 et
855 4190 981 4273 populns
998 4190 1121 4272 capituli
1137 4190 1310 4260 memorati,
1327 4187 1408 4251 ultra
1425 4208 1497 4252 cou-

306 4301 431 4364 tinentia
448 4301 600 4384 presentis
616 4298 792 4381 transcripti
814 4297 961 4380 impedire
983 4299 1030 4360 uel
1053 4298 1215 4359 molestare
1239 4295 1413 4358 nullatenris
1429 4315 1496 4377 pre·

306 4409 438 4472 sumatis.
466 4409 571 4470 Datum
594 4404 669 4468 Albe
694 4405 723 4466 in
746 4404 795 4467 die
820 4404 1009 4468 exaltationis
1033 4410 1138 4467 sancte
1163 4405 1273 4474 crucis,
1296 4423 1373 4465 anno
1393 4401 1497 4465 domiui

307 4515 546 4578 ltl⁰.CC⁰.LXX⁰.
561 4518 654 4576 sexto,
