3150 5092
262 317 312 389 26

261 490 297 554 ad
314 491 373 553 boc
389 491 486 572 ipsum
515 489 622 571 prefici
649 488 785 558 fecimus,
815 486 989 561 recurratis,
1018 491 1050 549 vt
1073 485 1280 569 questionibus
1304 486 1374 547 istis
1395 505 1457 567 per

260 598 492 662 sollicitudinem
524 599 588 659 eius
620 595 791 666 concordia,
818 593 967 657 iudicione
999 586 1106 676 sopitis
1127 614 1185 676 pax
1204 597 1235 656 et
1251 580 1455 676 tranquillitas

258 711 358 771 vestra
389 707 569 769 inconcussa
597 707 746 768 seruetur.
784 701 873 766 Vnde
904 701 1056 774 volumus,
1090 705 1122 764 et
1152 700 1238 764 robis
1269 702 1456 781 iniungimus

256 814 434 877 auctoritate
459 813 646 895 proscripta,
687 815 719 874 rt
749 809 850 874 eidem
882 808 1157 893 archipresbitero,
1196 810 1245 872 cui
1277 806 1456 888 corrigendi

256 940 400 985 excessus
429 921 559 981 omniurn
585 923 736 990 restrum,
765 923 797 981 et
821 916 996 1000 specialiter
1031 917 1212 980 elericorum
1241 914 1456 980 concessimus

256 1033 448 1112 potestatem,
464 1032 603 1110 tanquam
619 1026 734 1110 pastori
758 1031 871 1097 vestro,
893 1027 1096 1088 reuerentiam
1118 1042 1282 1104 congruam
1306 1021 1459 1086 exbiben-

257 1140 321 1206 tos,
355 1133 525 1198 salubribus
542 1134 679 1205 monitis,
713 1138 744 1197 et
774 1133 921 1196 mandatis
943 1132 1040 1215 ipsius
1065 1131 1228 1193 intendatis
1250 1135 1282 1192 et
1302 1128 1458 1192 obediatis

257 1242 410 1306 bumiliter
437 1246 468 1305 et
496 1243 615 1305 deuote.
641 1242 748 1304 Datum
777 1246 935 1322 utsupra.
964 1239 1107 1302 Laterani
1133 1238 1167 1300 V.
1188 1237 1248 1302 bal.
1278 1237 1350 1319 blaji
1374 1256 1456 1299 anno

258 1356 376 1414 octauo.

799 1531 906 1601 XXVI.

672 1669 759 1731 1224,
777 1668 822 1722 30.
840 1667 924 1738 April.
942 1667 1029 1720 Rom.

347 1777 495 1841 llonorins
512 1813 556 1824 -
572 1776 692 1840 dilectis
710 1776 779 1838 filiis
795 1813 839 1822 —
855 1777 1002 1855 magistro
1041 1781 1072 1840 et
1106 1776 1250 1840 fratribus
1280 1776 1455 1862 hospitalis

255 1885 289 1950 S.
313 1885 420 1950 Maris
446 1885 684 1949 Teutonioorum
700 1885 957 1968 Jcrosolymitare
985 1884 1112 1948 salutem
1135 1918 1180 1930 -—
1202 1919 1247 1932 -
1269 1882 1361 1947 Grata
1384 1882 1453 1948 Deo

254 1999 286 2057 ct
306 1993 476 2057 bominibus
499 1993 612 2056 ordinis
632 1994 724 2056 vestri
746 1992 856 2074 religio
873 1998 1078 2076 promeretur,
1100 1996 1133 2056 ut
1148 1993 1258 2056 restris
1275 1991 1453 2055 favorabili-

254 2100 311 2164 bus
329 2100 492 2164 desideriis
503 2098 710 2164 favorabiliter
725 2119 900 2172 annuamus,
920 2108 1066 2183 quatenus
1083 2098 1219 2180 ejusdem
1238 2099 1355 2163 ordinis
1374 2121 1453 2165 nora

252 2210 395 2293 plantatio
412 2229 448 2272 eo
459 2209 579 2272 felicius
596 2210 784 2272 incrementa
800 2210 955 2293 suscipiat,
968 2230 1027 2294 quo
1039 2210 1154 2291 largius
1172 2209 1265 2273 luerit
1281 2228 1354 2271 rore
1373 2229 1450 2293 apo-

254 2316 362 2380 stolice
390 2319 489 2398 gratie
514 2317 650 2398 irrigata.
691 2317 813 2380 Petistis
844 2323 876 2381 ut
906 2323 1018 2382 terram
1040 2321 1125 2383 Buce
1162 2322 1192 2381 et
1217 2316 1295 2381 ultra
1332 2323 1452 2382 montes

252 2425 372 2497 uirium,
395 2445 483 2509 quam
508 2431 633 2507 propter
659 2443 842 2508 paganorum
865 2427 992 2488 insultus
1010 2431 1123 2488 vastam
1145 2445 1240 2509 usque
1258 2426 1295 2488 ad
1312 2426 1448 2508 proxima
1572 2448 1573 2451 ¹

253 2538 388 2615 tempora
405 2537 436 2596 et
452 2532 602 2596 desertam
619 2534 778 2614 largitione
792 2533 940 2598 carissimi
951 2535 984 2600 in,
996 2532 1115 2596 Christo
1131 2533 1184 2596 filii
1199 2535 1295 2596 nostri
1315 2533 1449 2606 dndree‚
1572 2527 1573 2530 '

251 2638 441 2721 Ungarorum
458 2641 540 2721 regis
557 2639 806 2723 illustris,adepti
823 2662 893 2705 esse
909 2641 1080 2710 noscimini,
1097 2645 1129 2703 et
1145 2641 1262 2704 noviter
1277 2639 1448 2704 inhabitare

253 2748 407 2831 coepistis,
436 2749 569 2831 ipsorum
597 2767 781 2830 paganorum
813 2751 926 2832 impetu
953 2769 1012 2812 non
1041 2748 1108 2810 sinc
1131 2747 1222 2811 multo
1248 2768 1448 2830 personarum

252 2859 419 2920 vestrarum
451 2855 625 2918 discrimine
657 2854 824 2927 refrenato,
855 2857 885 2917 in
909 2857 956 2918 ius
979 2861 1009 2918 et
1039 2856 1255 2938 proprietatem
1281 2857 1450 2939 apostolice

250 2963 332 3026 sedis
354 2963 495 3044 recipere
519 2962 721 3043 dignaremur,
746 2969 932 3036 asserentes,
957 2962 1037 3047 quod
1058 2962 1166 3027 fideles
1187 2962 1329 3027 libentius
1346 2970 1447 3028 trans·

252 3069 337 3132 ibunt
353 3069 383 3130 in
400 3070 464 3131 eius
485 3067 648 3141 coloniam,
675 3069 700 3131 si
723 3090 788 3132 eam
806 3071 937 3136 viderint
952 3069 1120 3152 apostolice
1136 3070 1204 3133 sedi
1226 3090 1296 3132 esse
1318 3071 1448 3152 speciali

252 3177 366 3240 ditione
383 3174 566 3250 subiectam;
583 3176 689 3260 sicque
706 3176 769 3250 dot,
786 3184 819 3241 ut
835 3183 924 3251 terra,
942 3198 1001 3262 quc
1023 3178 1084 3240 lata
1103 3181 1134 3240 et
1152 3179 1293 3259 speciosa
1318 3177 1448 3243 cultori-

250 3285 307 3348 bus
333 3283 458 3365 indiget,
491 3284 582 3346 facile
603 3282 762 3366 populetur
785 3292 816 3348 et
837 3307 979 3349 numerus
1004 3285 1201 3348 habitantium
1227 3288 1258 3349 in
1282 3287 1389 3349 eadem
1406 3286 1444 3348 ad

249 3394 383 3476 ipsorum
400 3410 584 3474 paganorum
600 3394 747 3454 terrorem
764 3397 795 3455 et
811 3394 1004 3457 securitatem
1020 3392 1152 3457 fidelium
1168 3397 1258 3477 atque
1275 3393 1314 3457 ad
1329 3393 1443 3457 utilita-

250 3503 311 3563 tem
333 3519 392 3563 non
409 3499 557 3562 modicam
578 3503 661 3562 terre
682 3505 786 3563 sancte
810 3498 941 3564 feliciter
963 3507 1119 3584 angeatur.
1145 3500 1263 3565 Vestris
1286 3520 1362 3582 ergo
1384 3502 1445 3585 piis

250 3606 394 3691 precibus
409 3605 570 3688 benignius
586 3611 750 3670 annuentes
767 3609 914 3690 prefatam
934 3612 1046 3671 terram
1062 3609 1093 3671 in
1114 3609 1161 3672 ius
1179 3613 1210 3671 et
1221 3609 1444 3690 proprietatem

250 3716 284 3778 B.
302 3715 383 3777 Petri
400 3715 591 3798 suscipimus,
609 3719 641 3776 et
656 3733 721 3778 carn
736 3713 793 3777 sub
808 3714 932 3798 speciali
956 3717 1125 3800 apostolice
1146 3716 1230 3779 sedis
1253 3720 1445 3799 protectione

251 3842 287 3886 ac
310 3822 488 3885 defensione
511 3823 668 3906 perpetuis
691 3822 877 3906 temporibus
905 3843 1083 3904 permanere
1107 3824 1269 3886 sancimus.
1300 3824 1346 3887 dd
1373 3825 1445 3895 hec,

251 3949 340 4013 quum
368 3929 473 3992 eadem
498 3936 590 4002 terra,
615 3930 780 3993 secundum
805 3929 1007 4009 indulgentias
1031 3931 1117 3995 robis
1134 3929 1171 3992 ab
1187 3931 1353 4013 apostolica
1369 3931 1445 3994 sede

252 4056 433 4107 concessas,
464 4036 574 4102 nullum
601 4042 705 4120 preter
727 4037 811 4100 Rom.
843 4037 1017 4121 pontificem
1049 4038 1160 4101 babeat
1186 4039 1365 4121 episcopum
1395 4039 1444 4102 vel

251 4144 415 4227 prolatum:
440 4145 587 4227 premissa
612 4146 788 4208 auctoritate
813 4144 979 4210 districtius
996 4146 1175 4218 inbibemus,
1198 4166 1236 4208 ne
1254 4147 1323 4229 quis
1341 4146 1445 4208 arcbi·

251 4252 413 4334 episcopus
430 4253 476 4315 vel
493 4255 654 4336 episeopus
676 4254 707 4315 in
729 4258 842 4317 terram
862 4254 969 4335 ipsam,
991 4254 1037 4317 uel
1054 4253 1169 4316 incolas
1187 4253 1264 4325 eius,
1288 4253 1445 4317 interdicti

248 4359 299 4422 vel
315 4360 629 4425 excommunicationis
645 4361 825 4424 sententiam
840 4360 905 4424 sine
920 4361 1047 4444 speciali
1069 4362 1248 4426 auctoritate
1272 4362 1443 4444 apostolice

249 4467 332 4530 sedis
355 4467 546 4550 promulgare
569 4474 736 4551 presumat,
766 4467 815 4532 vel
837 4469 1073 4532 iurisdictionem
1096 4468 1261 4557 quemlibet
1283 4489 1441 4545 exercere,
