3150 5092
266 306 345 377 216

266 480 435 545 sessionem
443 479 526 562 Tijre
543 501 636 566 super
648 502 735 547 rnnrn
749 481 910 548 rotundum
919 487 1049 545 montem
1057 482 1162 546 llolum
1174 483 1358 567 appellatum
1372 482 1462 545 simi-

263 586 335 653 liter
353 588 428 653 duas
450 596 548 653 metas
564 611 689 675 quarum
707 612 762 655 rna
782 591 901 673 pretate
915 592 1104 672 possessioni
1119 592 1299 671 Bogartell,
1316 591 1372 653 alia
1386 610 1462 655 vero

263 698 462 778 possessione
484 699 570 780 'l'ijre
594 698 747 763 antedicto
770 698 991 779 distinguentes
1014 699 1192 762 erexissent.
1219 697 1462 762 Athuevlterius

263 823 372 867 versus
388 805 507 888 plagam
523 806 788 889 septentrionalem
806 804 999 889 procedendo
1015 806 1045 867 in
1062 826 1120 869 rno
1135 806 1236 891 Byreh
1251 805 1367 869 siluoso
1383 805 1462 869 duas

265 916 360 976 metas
375 918 492 977 terreas
510 912 549 977 de
560 932 638 977 nouo
655 915 857 978 cumulassent
872 918 1050 994 separantes
1066 914 1147 976 inter
1157 913 1370 995 possessiones
1385 933 1463 997 pre·

264 1024 391 1093 notatas,
415 1019 524 1083 abhinc
540 1020 571 1084 in
588 1020 694 1085 eodem
715 1020 815 1103 byrob
829 1020 945 1083 siluoso
964 1040 1069 1083 versus
1086 1020 1204 1102 plagam
1216 1019 1367 1104 aquilonis
1383 1039 1462 1102 pro-

263 1126 433 1208 grediendo
451 1128 548 1210 iungit
568 1148 653 1191 vnum
678 1136 787 1191 metans
809 1132 941 1191 terream
966 1148 1102 1209 magnam
1118 1129 1301 1213 perforatam
1319 1126 1360 1190 de
1379 1148 1462 1191 nouo

263 1234 406 1299 effossam
424 1234 514 1299 athuo
528 1254 584 1316 per
598 1235 725 1299 eaodem
741 1235 862 1318 plagam
885 1236 1068 1301 transeundo
1084 1236 1114 1297 in
1130 1235 1259 1319 quodam
1275 1235 1375 1317 Byreh
1402 1234 1464 1297 sil·

263 1362 336 1405 noso
355 1343 438 1405 eirea
452 1341 600 1426 quandam
617 1345 694 1407 riarn
715 1346 835 1407 venitur
851 1342 889 1406 ad
905 1343 980 1406 duas
995 1348 1090 1405 metas
1106 1344 1244 1425 antiquas
1258 1362 1385 1427 quarum
1400 1363 1459 1407 vna

262 1448 508 1532 possessionibus
524 1450 620 1532 ipsius
635 1449 751 1514 abbatis
765 1451 883 1533 Egeres
898 1456 930 1513 et
945 1450 1090 1514 Hontellre
1107 1451 1294 1534 nuncupatis,
1311 1449 1371 1514 alia
1386 1470 1461 1513 vero

261 1557 450 1641 possessioni
456 1558 624 1641 episcopali
636 1560 719 1642 Tyre
731 1563 908 1642 separantes
922 1560 1120 1641 reperissent,
1133 1578 1229 1641 penes
1238 1577 1315 1641 quas
1330 1559 1461 1621 terciam

262 1669 369 1729 metam
381 1684 436 1747 pro
450 1665 587 1747 predicta
600 1666 796 1751 possessione
804 1666 966 1747 Rogartelh
977 1666 1210 1747 distinguentem
1227 1666 1412 1729 erexissent.
1419 1666 1463 1728 Et

262 1775 308 1837 sio
323 1774 522 1837 terminantur
533 1777 612 1837 mete
625 1774 831 1857 possessionis
848 1772 1029 1855 Bogartellse
1045 1777 1214 1856 prenotate,
1230 1774 1377 1854 legitimis
1394 1772 1462 1836 die·

260 1881 317 1945 bus
335 1881 446 1945 ibidem
462 1880 690 1965 expectantibus
706 1881 825 1945 nemine
841 1881 1065 1945 contradietore
1087 1886 1264 1962 apparente.
1297 1880 1410 1944 Datum
1427 1881 1460 1943 in

261 1991 340 2052 festo
357 1987 446 2053 beate
463 1988 628 2052 Katbarioe
646 1990 772 2069 virginis
784 1994 816 2052 et
832 1990 989 2071 martyris,
1006 2008 1083 2051 anno
1106 1993 1263 2070 prenotato
1281 1987 1461 2074 (millesimo

261 2094 494 2159 CCterXXXt
512 2093 618 2181 nono).

786 2354 935 2426 coxxn.

820 2509 899 2565 raso.

349 2634 496 2707 Andreas,
514 2634 571 2699 Dei
587 2635 685 2717 gratie
704 2634 873 2716 Hungarie,
891 2634 1048 2706 Dalmatis,
1065 2632 1202 2705 Croaoie,
1220 2635 1321 2704 Rama,
1339 2634 1460 2707 Servio,

259 2740 396 2814 Gallicis,
410 2741 601 2813 hodomerie,
616 2740 768 2814 Comanis,
786 2741 988 2825 Bulgarieque
1009 2762 1080 2805 rer:
1097 2742 1234 2805 omnibus
1253 2739 1367 2805 Christi
1379 2740 1461 2804 lide-

258 2847 346 2921 libus,
363 2854 523 2932 presentes
540 2850 656 2914 litteras
673 2851 866 2933 inspectoris,
890 2850 1017 2914 salutem
1034 2852 1065 2912 in
1081 2850 1209 2914 omnium
1226 2850 1388 2913 salvatore.
1411 2850 1459 2913 Ad

258 2961 466 3023 universorum
494 2963 555 3023 tam
579 2961 781 3042 presentium,
806 2980 894 3042 quarn
916 2960 1083 3023 futurorum
1102 2960 1236 3022 notitiam
1252 2960 1356 3022 harum
1372 2961 1458 3022 serie

258 3065 397 3129 volumus
414 3068 586 3148 pervenire.
605 3067 691 3148 Quod
710 3066 874 3147 religiosus
889 3067 936 3129 vir
954 3068 1050 3130 frater
1064 3066 1200 3153 Epidius
1223 3063 1316 3128 abbas
1331 3085 1453 3128 monas·

258 3176 328 3237 terii
339 3174 429 3238 beate
441 3177 567 3257 virginis
580 3177 618 3238 de
631 3178 746 3261 Epa-os,
761 3175 798 3237 ad
812 3179 944 3240 nostram
956 3177 1106 3238 aeoedens
1119 3174 1303 3258 presentiam
1316 3174 1457 3238 exhibuit

259 3282 345 3345 nobis
377 3282 569 3365 privilegium
601 3284 711 3347 domini
739 3283 902 3366 Stephani,
929 3282 1077 3366 quondam
1101 3282 1229 3345 illustris
1256 3282 1339 3362 regis
1371 3281 1456 3345 llun·

166 3403 168 3406 ·
257 3391 354 3472 garis,
362 3390 513 3453 karissimi
529 3391 632 3454 fratris
648 3391 743 3454 nostri
759 3390 905 3474 patruelis
923 3410 1016 3472 snper
1025 3392 1122 3472 gratia
1138 3389 1315 3473 populorum
1330 3409 1456 3453 monas-

257 3497 328 3560 terii
356 3495 395 3560 de
422 3498 527 3563 Keroh
558 3500 588 3562 in
616 3496 752 3580 partibus
780 3496 997 3579 Transylvanis
1028 3496 1236 3568 existentium,
1269 3496 1453 3568 confertum,

257 3610 365 3687 petens
389 3627 404 3667 a
428 3604 516 3669 nobis
533 3626 601 3669 oum
623 3606 783 3677 instantia,
802 3611 834 3669 ut
854 3606 953 3689 ipsum
970 3605 1160 3687 privilegium
1176 3610 1274 3668 ratum
1290 3604 1407 3668 habere
1422 3612 1455 3665 et

257 3718 360 3776 nostro
388 3712 582 3795 dignaremur
618 3714 779 3797 privilegio
810 3712 997 3777 oonlirmare.
1034 3711 1126 3777 Cuius
1152 3712 1275 3796 quidem
1301 3713 1454 3795 privilegii

255 3827 343 3884 tenor
359 3842 387 3885 u.
405 3842 431 3884 s.
448 3840 486 3883 w.
505 3821 615 3905 (Siehe
631 3820 775 3885 Urlronde
791 3821 843 3884 Nr.
863 3818 910 3884 cl.
924 3841 951 3883 v.
972 3822 1025 3884 23.
1048 3820 1107 3884 hlai
1128 3819 1245 3907 1272.)
1270 3821 1333 3883 Nos
1351 3823 1453 3904 itaque

256 3930 354 4001 iustis,
363 3928 505 4012 legitimis
518 3936 549 3993 et
560 3929 706 3993 modestis
719 3928 915 4011 petitionibus
925 3929 1021 4013 ipsius
1028 3930 1131 3992 fratris
1137 3928 1237 4011 ligidii
1245 3929 1453 3993 favorabiliter

255 4037 400 4110 inclinati,
416 4037 585 4119 predictum
605 4037 798 4119 privilegium
819 4035 930 4099 domini
950 4040 1034 4119 regis
1051 4036 1209 4119 Stephani,
1227 4056 1285 4099 non
1299 4037 1451 4108 abrasum,

252 4138 315 4207 'non
332 4145 541 4218 cancellatum,
551 4166 608 4209 neo
621 4148 650 4209 in
661 4145 759 4227 aliqua
768 4145 815 4209 sni
824 4151 912 4227 parte
923 4144 1227 4217 vitiatumhabentes
1239 4151 1399 4228 acceptum
1412 4144 1451 4209 de

256 4250 349 4317 verbo
366 4253 403 4315 ad
416 4253 537 4317 verbum
549 4252 743 4335 presentibus
756 4253 912 4328 insertum,
924 4252 1105 4315 auctoritate
1118 4253 1300 4334 presentium
1315 4252 1451 4315 duximus

257 4359 497 4423 confirmandum.
528 4362 560 4423 ln
594 4362 678 4424 euius
709 4361 754 4421 rei
781 4360 972 4429 memoriam,
1001 4364 1238 4443 perpetuamque
1268 4358 1451 4434 firmitatem,

257 4475 414 4549 presentes
447 4468 654 4531 eonoessimus
686 4467 817 4538 litteras,
848 4465 999 4550 dupplieis
1030 4465 1123 4547 sigilli
1157 4466 1252 4529 nostri
1289 4467 1452 4531 munimine
