3150 5092
603 349 699 420 14

592 529 655 589 et
716 522 1283 607 compensationem,
1345 524 1407 587 in
1462 522 1808 608 passionum
1857 527 1919 586 et
1952 522 2341 588 afflictionum
2384 544 2625 588 suarum
2658 525 2984 608 quamdam

594 633 1086 705 consolationem,
1123 632 1354 695 eisdem
1418 633 1729 695 canonicis
1774 634 1835 695 in
1896 631 2335 717 Vltrasyluanis
2382 633 2653 717 partibus
2704 634 2983 698 dedimus

593 740 907 823 quamdam
956 744 1208 813 terram,
1253 759 1408 824 quae
1462 739 1679 804 Winch
1712 744 1995 815 vocatur,
2046 760 2177 804 cum
2226 740 2574 805 uduarnicis
2616 742 2873 814 nostris,
2917 747 2983 802 et

589 867 799 912 eorum
841 846 1172 910 heredibus
1204 847 1670 937 inperpetuum
1708 846 2156 929 possidendam.
2207 847 2445 911 Dilecto
2471 869 2541 913 ac
2575 849 2741 912 fideli
2768 852 2981 911 nostro

595 955 806 1019 Leuke
847 952 1105 1034 vajuode
1134 952 1541 1033 injungentem
1589 958 1652 1017 vt
1685 974 1792 1017 vos
1866 953 2224 1016 authoritate
2278 959 2482 1018 nostra
2535 955 2866 1019 induceret
2915 955 2982 1016 in

591 1060 1041 1148 possessionem
1121 1063 1184 1123 et
1239 1060 1559 1124 dominium
1636 1064 1800 1124 terre
1882 1060 2118 1143 prefate
2198 1066 2262 1125 et
2336 1062 2613 1126 dictorun
2685 1062 2979 1127 vduarni-

593 1190 818 1236 curum.
837 1168 953 1253 Qui
986 1168 1331 1233 conuocatis
1365 1167 1662 1239 omnibus,
1689 1188 1839 1252 quos
1873 1169 2152 1251 oportuit,
2192 1170 2519 1233 conuocari
2566 1174 2627 1232 et
2668 1171 2979 1252 presenti-

595 1280 725 1348 bus,
784 1295 1033 1361 quorum
1083 1276 1158 1339 ad
1200 1276 1318 1340 hoc
1353 1275 1707 1358 exigebatur
1761 1275 2089 1360 presentia,
2144 1275 2480 1359 predictam
2531 1286 2756 1340 terram
2793 1279 2981 1341 certis

593 1388 1056 1468 circumquaque
1110 1385 1286 1447 metis
1332 1388 1394 1448 et
1422 1385 1715 1455 terminis,
1777 1383 1957 1448 nullis
2005 1383 2553 1448 contradicentibus
2586 1388 2974 1466 assignatam,

593 1493 896 1556 etinimicis
953 1491 1230 1555 traditam
1277 1491 1438 1578 (sic)
1471 1494 1677 1575 sepius
1731 1492 2067 1555 nominatis.
2129 1491 2313 1572 Cujus
2360 1497 2528 1554 terre
2574 1493 2764 1575 prima
2818 1497 2976 1556 meta

593 1599 979 1684 prugreditur
1013 1598 1086 1662 ab
1121 1600 1331 1663 eadem
1378 1600 1521 1664 villa
1559 1600 1748 1666 Vinch
1776 1599 1832 1684 ¹)
1892 1606 1953 1663 et
2007 1602 2223 1662 transit
2278 1600 2540 1673 fluuium,
2601 1603 2700 1685 qui
2750 1600 2976 1664 dicitur

593 1709 799 1781 Sunst,
827 1712 889 1770 et
914 1706 977 1770 fit
1000 1707 1193 1789 prima
1219 1712 1374 1770 meta
1407 1709 1466 1770 in
1499 1710 1595 1771 via
1629 1709 1790 1772 iuxta
1816 1713 2032 1770 metam
2049 1707 2191 1770 ville
2210 1709 2391 1772 Kuen
2409 1707 2488 1794 Β),
2514 1707 2656 1771 ville
2681 1706 2975 1772 videlicet

589 1816 816 1882 Sancti
856 1816 1064 1902 re9i8;
1125 1813 1263 1879 inde
1304 1816 1498 1879 tendit
1539 1836 1650 1898 per
1699 1815 1972 1880 eumdem
2035 1816 2275 1879 fluuium
2322 1817 2595 1899 superius
2631 1816 2704 1878 ad
2750 1820 2972 1880 metam

589 1924 835 1993 Hauon,
883 1943 994 2005 per
1047 1923 1308 2006 quinque
1358 1923 1451 1986 vel
1493 1943 1607 2006 per
1656 1943 1761 1985 sex
1793 1928 2009 1995 metas:
2069 1929 2129 1986 et
2158 1923 2243 1986 ibi
2277 1923 2343 1987 fit
2376 1930 2529 1987 meta
2562 1923 2623 1985 in
2652 1922 2812 1993 loco,
2872 1926 2972 2007 qui

589 2032 805 2096 dicitur
843 2029 1239 2107 Thelulczad3
1282 2036 1344 2092 et
1398 2030 1539 2094 inde
1586 2031 1868 2111 dirigitur
1909 2052 2019 2114 per
2062 2033 2279 2104 locum,
2323 2031 2424 2095 vbi
2466 2037 2709 2095 secatur
2763 2031 2969 2094 fenum

589 2148 649 2204 et
681 2139 843 2204 vadit
874 2138 949 2200 ad
983 2137 1181 2201 locum
1215 2140 1535 2203 Bundrow
1559 2138 1618 2222 ⁸)
1654 2143 1715 2201 et
1746 2139 1829 2202 ibi
1853 2140 2150 2203 vicinatur
2180 2142 2339 2202 mete
2366 2140 2733 2203 dimissionis
2761 2138 2972 2203 eccle-

589 2248 701 2320 sie,
749 2250 810 2309 et
851 2244 1110 2316 Paztuh;
1158 2252 1219 2310 et
1249 2246 1390 2309 inde
1423 2246 1617 2310 tendit
1650 2247 1723 2311 ad
1756 2247 1973 2320 locum,
2009 2249 2110 2330 qui
2143 2247 2361 2310 dicitur
2404 2248 2735 2334 Fulyistue
2781 2245 2973 2332 (Tul-

589 2350 867 2437 gistue?)
903 2359 963 2416 et
993 2352 1076 2416 ibi
1111 2354 1402 2418 vicinatur
1435 2374 1570 2419 cum
1604 2354 1765 2427 villa,
1801 2377 1915 2440 que
1954 2355 2171 2419 dicitur
2188 2355 2330 2439 Liy,
2362 2355 2603 2438 populis
2639 2353 2975 2418 castrensi-

589 2460 788 2547 bus*),
827 2465 889 2524 et
920 2460 1195 2525 ascendit
1238 2463 1298 2524 in
1343 2461 1609 2525 radicem
1661 2463 1899 2532 montis,
1946 2465 2046 2545 qui
2091 2462 2309 2527 dicitur
2340 2464 2527 2547 Nyir‚
2563 2466 2624 2527 et
2653 2463 2793 2526 inde
2825 2463 2977 2525 des-

589 2569 788 2632 cendit
831 2567 906 2631 ad
948 2567 1146 2632 locum
1179 2570 1515 2641 Zudtelke;
1566 2575 1629 2634 et
1656 2570 1798 2634 inde
1828 2571 1903 2634 ad
1934 2571 2130 2634 locum
2167 2570 2696 2645 Touthnetkkuta,
2732 2574 2795 2633 et
2825 2570 2972 2632 inde

581 2677 798 2740 transit
830 2676 1063 2748 vallem,
1100 2681 1160 2740 et
1198 2678 1498 2741 vicinatur
1531 2699 1664 2742 cum
1690 2679 1872 2741 terris
1908 2680 1982 2743 de
2006 2680 2318 2764 Eperie83
2366 2684 2427 2742 et
2458 2679 2601 2743 inde
2649 2676 2974 2741 descendit

585 2784 657 2848 ad
693 2783 1079 2867 sepulchrum
1121 2785 1460 2848 sacerdotis
1499 2787 1711 2862 Orod,·
1760 2791 1822 2850 et
1852 2785 1992 2850 inde
2027 2787 2100 2849 ad
2136 2792 2415 2868 stagnum
2456 2789 2711 2859 Csazar,
2741 2790 2805 2848 et
2823 2786 2971 2849 inde

585 2893 910 2956 reuertitur
953 2911 1168 2955 versus
1221 2893 1601 2977 Morysium,
1666 2895 1739 2956 ad
1785 2898 2020 2976 pratum
2068 2895 2347 2968 Mihula3
2412 2898 2473 2957 et
2527 2895 2613 2957 ibi
2666 2898 2802 2956 sunt
2850 2893 2972 2956 due

585 3008 762 3071 mete,
821 3000 1007 3062 altera
1054 3000 1288 3066 Sancti
1333 3002 1688 3073 Adalberti,
1723 3000 1911 3065 altera
1945 3002 2020 3065 de
2050 3004 2357 3089 Eperi635
2420 3005 2700 3086 preterea
2753 3001 2969 3064 eadem

585 3108 717 3172 villa
752 3106 828 3170 de
865 3109 1081 3172 Winck
1115 3109 1300 3172 habet
1325 3107 1497 3171 aliam
1525 3113 1770 3181 terram,
1798 3117 1860 3172 et
1891 3131 2073 3193 supra
2112 3111 2272 3173 illam
2304 3110 2487 3174 hahet
2516 3109 2744 3192 syluam
2778 3127 2970 3191 super

581 3219 840 3280 muntem
876 3217 1220 3289 Guesbrun,
1257 3220 1320 3280 et
1352 3216 1435 3280 ibi
1469 3221 1607 3280 sunt
1636 3216 1755 3281 due
1804 3224 1995 3282 mete:
2030 3218 2223 3282 altera
2256 3219 2321 3282 S.
2369 3218 2727 3289 Adalberti,
2775 3215 2967 3279 altera

589 3327 826 3408 Gyule;
903 3327 965 3386 et
1005 3324 1146 3389 inde
1206 3325 1423 3388 transit
1494 3325 1738 3389 fluuium
1805 3328 2171 3399 Cur-menes,
2238 3331 2297 3391 et
2351 3327 2517 3391 vadit
2570 3326 2645 3389 ad
2702 3329 2967 3388 montem

581 3452 799 3516 magne
831 3432 977 3513 fagi,
999 3437 1061 3494 et
1085 3431 1227 3495 inde
1259 3432 1335 3495 ad
1365 3438 1585 3497 metam
1608 3432 2002 3519 Mirosloffl),
2023 3419 2085 3496 et
2116 3433 2257 3498 inde
2291 3433 2365 3497 ad
2401 3439 2661 3498 montem
2697 3432 2965 3504 Cathou,

581 3547 641 3604 et
677 3539 814 3604 iude
845 3539 1174 3602 reuertitur
1205 3540 1279 3603 ad
1318 3539 1611 3606 Tikozou.
1658 3541 1912 3606 Nomina
1947 3533 2143 3606 autem
2176 3547 2636 3606 memoratorum
2683 3540 2967 3607 vduarni-

577 3668 813 3720 curum,
877 3647 939 3710 in
1001 3647 1209 3711 eadem
1265 3652 1430 3711 terra
1487 3651 1979 3713 commorantium
2034 3649 2152 3714 hec
2211 3654 2377 3715 sunt:
2426 3650 2685 3722 Kuzma,
2744 3650 2963 3719 Besse,

577 3757 837 3828 Sensim,
873 3755 1088 3826 Scese,
1123 3756 1384 3832 Andree,
1419 3757 1712 3829 Andreas,
1742 3757 1960 3831 Fahas,
1995 3759 2285 3832 Jacobus,
2321 3758 2508 3843 Hyze,
2542 3757 2732 3829 Bund,
2765 3756 2963 3828 Luhe,

577 3863 1550 3946 Euga‚Regus‚Varons,Farkas,
1586 3866 2014 3939 Sime,Torda,
2049 3866 2199 3940 Bud,
2221 3866 2655 3940 Ouch,Pouha‚
2676 3863 2964 3927 Crenfele

617 4204 665 4264 1]
701 4205 921 4251 Felonitz.

617 4292 665 4348 ἓ]
701 4288 905 4336 Ιίὃνθηᾱ.

613 4372 665 4432 ³]
701 4371 920 4417 Dombro.

609 4452 661 4512 4]
701 4453 836 4497 viell.
869 4451 953 4495 des
988 4450 1198 4495 Castrum
1233 4450 1436 4494 Thorda.

617 4532 665 4592 *J
701 4532 986 4577 Mikloslaka.

3012 0 3149 802 Ὗ

3143 3733 3149 3856 Ι
