3150 5092
595 281 697 354 70

588 454 730 519 olim
763 458 1154 526 exstructum,
1187 455 1317 519 sine
1350 475 1517 519 mora
1549 456 1807 528 restitui,
1836 453 2298 538 reedificarique
2330 453 2596 531 faciatis,
2613 453 2990 519 constituen-

590 564 807 650 disque
849 581 1054 627 eorum
1103 563 1453 628 castellanis
1496 562 1738 627 fidelem
1781 563 1965 628 castri
2003 560 2336 626 custodiam
2381 561 2545 624 serio
2584 562 2989 636 committatis,‚

591 691 668 735 ne
713 690 789 733 ex
828 670 1060 735 incuria
1092 675 1297 734 vestra
1337 676 1441 735 aut
1487 689 1696 736 eorum
1728 669 2146 735 detrimentum
2178 667 2415 752 aliquod
2448 687 2642 750 regno
2679 672 2877 731 nostro
2908 689 2991 732 ex

596 777 874 843 confiniis
897 778 1208 841 inferatur.
1238 777 1436 844 Secus
1467 797 1589 842 non
1620 777 1831 841 facias.
1866 777 2081 840 Datum
2104 795 2258 838 anno
2282 774 2507 838 domini
2531 774 2795 840 mecm.
2827 795 2990 839 nono

592 887 746 970 ydus
779 884 1050 950 ‚Ianuarii
1084 886 1258 967 regni
1291 889 1489 950 autem
1515 886 1709 950 nostri
1740 904 1892 948 anno
1924 883 2052 948 XV.

1656 1048 1926 1118 LXVIII.

1530 1185 1692 1247 1252,
1716 1184 1806 1238 2ο.
1835 1184 2057 1253 August.

777 1311 925 1377 Bela
960 1312 1074 1375 Dei
1104 1313 1297 1395 gratia
1326 1312 1617 1395 Ungarie,
1651 1312 1971 1385 Dalmatie‚
2003 1310 2265 1383 croatie,
2289 1311 2498 1385 Rame,
2532 1311 2773 1383 Servie,
2801 1311 2995 1377 Galli-

601 1424 729 1492 nie‚
765 1420 1157 1494 Lodomerie‚
1194 1421 1596 1507 Cumanieque
1622 1442 1746 1485 rex.
1780 1421 2095 1485 Universis
2128 1424 2451 1504 presentes
2480 1421 2716 1485 litteras
2744 1421 2998 1504 inspec-

597 1532 749 1592 turis
809 1528 1061 1593 salutem
1108 1530 1169 1591 in
1219 1548 1364 1594 vero
1410 1529 1679 1593 salutari.
1729 1529 2210 1611 circumspectio
2264 1547 2473 1610 regum
2528 1527 2786 1611 provida
2846 1547 2997 1591 con-

605 1636 805 1716 dignis
830 1635 1081 1717 premiis
1117 1634 1228 1697 sibi
1263 1635 1739 1719 obsequentibus
1771 1636 1861 1700 sic
1894 1635 2078 1699 debet
2109 1655 2457 1706 occurrere,
2488 1638 2553 1698 ut
2577 1638 2640 1697 et
2658 1633 2762 1696 alii
2795 1654 3007 1698 exem-

601 1744 697 1828 plu
733 1741 1034 1806 ennsimili
1065 1742 1141 1805 ad
1175 1741 1484 1806 fidelitatis
1518 1763 1703 1826 opera
1737 1743 1951 1808 fortius
1985 1740 2299 1806 accedant.
2337 1741 2603 1806 Proinde
2636 1743 2713 1805 ad
2745 1743 3000 1807 univer-
3051 1806 3064 1814 ,

601 1872 801 1916 surum
854 1851 1122 1915 notitiam
1177 1851 1500 1934 pervenire
1561 1852 1829 1915 volumus
1882 1852 2256 1935 presentium
2307 1870 2420 1934 per
2473 1855 2765 1914 tenorem.
2821 1850 2995 1931 Quod

605 1960 904 2024 aeeedens
941 1960 1016 2023 ad
1049 1979 1156 2023 nos
1190 1959 1388 2022 fidelis
1421 1964 1628 2023 noster
1668 1958 2023 2025 Vincentius
2049 1978 2255 2022 comes
2300 1957 2457 2022 filius
2490 1959 2752 2025 Akadas
2792 1959 3004 2026 Siculi

601 2068 685 2132 de
717 2067 913 2132 Sabus
945 2104 1032 2113 —
1066 2102 1141 2112 —
1178 2103 1266 2114 —
1300 2071 1520 2148 genter
1551 2065 1946 2148 postulando,
1993 2064 2148 2150 quod
2190 2071 2412 2130 terram
2447 2068 2605 2143 Zek,
2653 2087 2772 2152 que
2804 2087 2998 2153 quon-

605 2176 737 2236 dam
773 2172 1025 2238 Saxonis
1058 2173 1288 2238 Fulkun
1324 2175 1540 2245 fuerat,
1573 2174 1681 2237 sed
1717 2195 1826 2257 per
1857 2174 2335 2238 devastationem
2368 2175 2759 2238 Tartarorum
2790 2195 3001 2244 vacua,

601 2292 661 2344 at
693 2282 1162 2346 habitationibus
1196 2303 1411 2346 carens
1445 2287 1823 2345 remanserat
1877 2282 2036 2345 inter
2068 2284 2267 2344 terras
2307 2282 2629 2346 Olahorum
2676 2282 2755 2346 de
2796 2284 2997 2355 Kircz,

605 2392 903 2453 Saxonum
937 2391 1015 2454 de
1048 2391 1333 2463 Barassu,
1382 2394 1447 2453 et
1497 2395 1697 2453 terras
1741 2388 2086 2453 Siculorum
2131 2390 2205 2453 de
2239 2389 2441 2453 Sehus
2474 2390 2839 2454 existentem
2883 2389 3000 2455 sibi

605 2500 887 2561 conferre
921 2498 1327 2579 dignaremur.
1376 2499 1453 2561 Et
1486 2517 1597 2560 nos
1626 2497 1809 2578 justis
1841 2497 2235 2581 petitionibus
2266 2498 2557 2569 inclinati,
2601 2497 3001 2562 consideratis

601 2608 852 2676 meritis,
899 2626 1017 2690 que
1071 2626 1104 2669 a
1136 2606 1422 2689 primevis
1472 2605 1733 2690 pueritie
1766 2625 1874 2668 sue
1912 2605 2289 2690 temporibus
2337 2607 2399 2668 in
2449 2625 2642 2686 regno
2692 2613 2901 2670 nostro
2942 2611 3001 2669 et

601 2720 769 2776 extra
823 2733 1074 2794 regnum
1138 2714 1200 2776 in
1260 2713 1665 2794 legationibus
1736 2711 2084 2776 deferendis
2151 2713 2380 2777 studuit
2445 2715 2999 2779 commendabiliter

601 2820 921 2892 exhihere,
955 2825 1342 2885 memoratam
1373 2826 1397 2884 t
1413 2867 1635 2884 .......
1681 2819 2035 2885 utilitatibus
2072 2826 2133 2885 et
2163 2821 2547 2904 pertinentiis
2580 2823 2742 2896 suiS,
2788 2824 2911 2887 sibi
2939 2829 2999 2886 et

601 2952 713 3016 per
745 2949 876 2992 eum
922 2931 1046 2992 suis
1079 2928 1404 2993 heredibus
1439 2930 1853 3014 heredumque
1897 2928 2361 2994 successoribus
2392 2930 2665 2996 duximus
2695 2937 2993 3016 perpetuo

605 3039 1050 3110 nunfai-endam,
1085 3058 1259 3122 quam
1302 3058 1414 3121 per
1457 3037 1747 3101 dilectum
1790 3043 1853 3102 et
1883 3039 2424 3102 fidelemnostrum
2466 3037 2814 3104 Ladislaum
2862 3041 2991 3122 voj-

601 3148 813 3208 rndam
868 3145 1348 3229 Transylvanum'
1397 3151 1458 3209 et
1513 3145 1790 3210 comitem
1836 3147 1911 3210 de
1955 3145 2151 3214 voum
2199 3145 2319 3210 sibi
2366 3147 2619 3210 fecimus
2669 3149 2990 3230 assignari.

605 3256 769 3316 Mete
832 3259 1026 3317 autem
1089 3254 1217 3318 sive
1278 3255 1522 3318 termini
1586 3255 1779 3337 ipsius
1827 3259 2022 3326 terre,
2089 3255 2586 3338 quemadmodum
2647 3257 2827 3321 nobis
2886 3277 2990 3341 per

605 3364 855 3424 eundem
889 3362 1265 3426 Vincentium
1315 3363 1618 3434 constitit,
1666 3363 1785 3427 hoc
1841 3363 2054 3426 ordine
2097 3363 2543 3447 disjunguntur.
2594 3365 2798 3429 Prima
2842 3370 2990 3431 meta

605 3472 813 3552 insipit
866 3469 942 3533 ab
999 3472 1233 3535 oriente
1290 3491 1476 3553 super
1533 3469 1790 3554 quodam
1848 3476 2048 3536 monte
2097 3473 2336 3537 nomine
2368 3471 2578 3546 Vekul,
2614 3478 2677 3538 et
2717 3475 2887 3539 venit
2918 3473 2988 3537 ad

605 3580 841 3642 flurium
878 3578 1021 3642 Olth
1055 3600 1246 3665 usque
1293 3584 1530 3662 partem
1573 3581 2052 3654 meridionalem,
2090 3587 2153 3645 et
2185 3603 2297 3665 per
2327 3589 2717 3648 memoratum
2747 3585 2981 3649 fluvium

597 3688 737 3748 [mh
777 3688 1091 3752 descendit
1122 3688 1192 3750 ad
1231 3688 1546 3771 indagines
1599 3710 1790 3774 usque
1839 3693 2372 3774 septemtrionem,
2420 3697 2484 3756 et
2526 3713 2638 3777 per
2670 3693 2981 3776 quemdam

605 3796 856 3856 rivulum
900 3796 1062 3859 vadit
1111 3795 1207 3858 diu
1254 3816 1444 3880 usque
1489 3797 1564 3860 ad
1615 3804 1796 3883 eaput
1842 3799 2027 3881 ipsius
2072 3799 2270 3870 rivuli,
2317 3804 2381 3863 et
2423 3801 2565 3864 inde
2610 3801 2890 3866 ascendit
2920 3799 2983 3863 ad

605 3901 1020 3976 muntieulum,
1055 3905 1157 3986 qui
1188 3903 1522 3985 vulgariter
1558 3905 1757 3970 Berkh
1793 3904 2048 3980 dicitur,
2084 3925 2117 3968 a
2149 3928 2266 3991 quo
2300 3909 2689 3990 consignatur
2717 3908 2985 3993 predicto

601 4012 781 4072 munti
813 4009 1002 4073 Vekul
1047 4032 1260 4077 versus
1306 4012 1631 4085 orientem,
1678 4020 1740 4079 et
1787 4016 1878 4079 sic
1926 4016 2299 4081 terminatur.
2349 4016 2429 4080 Ut
2478 4023 2675 4080 autem
2718 4018 2984 4101 predicta

601 4116 932 4181 liberalitas
979 4138 1089 4182 seu
1142 4118 1387 4185 donatio
1436 4121 1623 4186 robur
1655 4123 1922 4188 obtineat
1953 4131 2251 4208 perpetue
2298 4124 2628 4198 firmitatis,
2674 4132 2985 4210 presentes

601 4224 797 4288 eidem
833 4227 1247 4294 concessimus
1279 4228 1536 4303 litteras,
1564 4230 1822 4315 duplicis
1857 4232 2049 4316 sigilli
2080 4234 2271 4298 nostri
2307 4233 2629 4297 munimine
2656 4234 2982 4298 roboratas.

601 4336 769 4396 Anne
813 4333 1038 4399 domini
1083 4336 1400 4404 millesimo
1453 4338 1868 4405 ducentesimo
1925 4341 2423 4427 quinquagesimo
2482 4343 2772 4409 secundo.
2842 4345 2982 4406 Tre·

601 4440 834 4508 (lanima
867 4442 988 4506 kal.
1024 4443 1196 4529 Sept.
1233 4447 1423 4530 Regni
1461 4454 1657 4512 autem
1692 4451 1878 4513 nostri
1911 4451 2163 4535 septimo
2201 4450 2455 4514 decimo.
