3150 5092
350 342 424 417 192
1563 392 1564 452 r

345 518 435 603 officij
446 520 475 583 iu
485 520 549 604 ipsa
562 518 650 604 plebe
665 518 720 583 tibi
737 518 883 583 creditum
898 538 965 584 cum
980 538 1094 585 summo
1109 518 1266 601 religionis
1277 518 1388 583 affectu
1400 517 1528 601 dispen-

345 648 407 703 ses,
428 633 461 693 ut
479 631 625 713 tamquam
648 626 746 693 fidelis
773 626 986 693 dominicorum
1008 629 1187 694 talentorum
1203 628 1407 713 dispensator,
1423 626 1529 690 multi-

344 737 455 821 plicato
470 736 582 802 talento
599 736 702 801 audire
718 736 873 809 mercaris,
883 739 960 803 intra
976 736 1157 820 ingaudium
1173 736 1281 801 domini
1301 736 1356 800 tui.
1381 736 1415 799 ln
1438 734 1526 816 cujus

344 849 390 913 rei
402 849 610 922 testimonium,
623 854 653 913 et
668 853 843 933 perpetuam
853 846 1019 911 firmitatem
1032 850 1188 929 presentes
1199 845 1408 909 concessimus
1421 842 1528 905 literas

346 957 446 1039 sigillo
470 961 571 1023 nostro
597 958 795 1040 consignatas.
819 954 926 1019 Datum
952 974 1029 1019 anno
1051 953 1162 1017 domiui
1178 951 1309 1016 lll⁰.CC⁰.
1326 952 1527 1036 nonagesimo

345 1066 458 1151 quinto.

863 1251 998 1324 CXClX.

892 1389 972 1444 aaut.

434 1497 600 1585 Capitulum
628 1498 759 1563 ecclesie
785 1498 868 1563 beati
892 1495 1056 1582 Mychaelis
1086 1493 1260 1576 archangeli
1295 1490 1525 1564 Traussiluane,

345 1608 480 1673 omnibus
501 1608 613 1673 Christi
634 1606 772 1673 fidelibus
794 1611 965 1692 presentem
988 1606 1126 1689 paginam
1147 1602 1328 1687 inspecturis
1349 1601 1481 1665 salutem
1497 1600 1526 1663 in

345 1718 473 1784 omniurn
490 1718 648 1782 saluatore.
663 1718 702 1783 Vt
717 1717 813 1800 gestis
829 1717 979 1781 hominum
994 1717 1054 1779 rite
1070 1710 1351 1794 racionabilitcrque
1366 1708 1525 1779 ordinatis,

344 1828 486 1893 effrenata
504 1828 661 1913 cupiditas,
678 1829 724 1892 sui
738 1826 876 1911 prodiga,
892 1826 976 1910 pacis
992 1823 1097 1897 ernula,
1115 1821 1326 1905 calumpnioois
1343 1818 1409 1883 suis
1431 1837 1524 1883 cona·

344 1938 431 2011 tibus,
441 1942 472 2002 ot
484 1938 635 2001 consuetis
645 1937 676 2001 io
693 1938 822 2001 loturum
838 1934 957 2000 minime
970 1940 1061 2020 queat
1075 1930 1243 2005 nouercari,
1253 1950 1307 1993 sev
1322 1948 1447 2000 nocere,
1460 1929 1525 2012 ipsa

346 2046 384 2111 ad
412 2046 571 2119 cautelam,
598 2046 764 2130 patrocinio
786 2046 950 2110 litterarum
977 2045 1198 2107 consueuerunt
1219 2037 1366 2105 roborari.
1391 2037 1525 2101 Proinde

344 2154 380 2219 ad
397 2153 604 2219 uniuersorum
620 2154 759 2219 noticiam
771 2158 830 2217 tam
846 2154 1128 2237 presencium'quam
1143 2150 1307 2214 futurorum
1318 2146 1428 2211 harum
1443 2145 1526 2209 serie
1563 2203 1564 2234 3

343 2260 477 2327 nolumus
500 2260 670 2346 peruenire.
697 2258 782 2341 Quod
801 2258 907 2324 nobilis
922 2258 1297 2341 vir-magisterNicolcuc,
1315 2252 1395 2318 tilius
1413 2252 1526 2337 blylud

343 2369 423 2447 bani,
435 2370 473 2434 ad
490 2375 620 2434 nostram
636 2369 784 2434 accedens
797 2370 994 2453 presenciam,
1006 2367 1153 2453 quandam
1167 2370 1278 2430 terram
1293 2382 1377 2427 suam
1390 2362 1525 2427 Makan-

343 2479 467 2563 tclclcep
483 2482 615 2541 vocatam
630 2478 709 2542 iuxta
725 2476 826 2540 Morus
841 2477 871 2539 in
887 2477 1029 2541 comitatu
1044 2475 1179 2547 Albensi,
1195 2493 1289 2558 prope
1304 2471 1425 2554 Bagach
1441 2471 1525 2535 exis-

342 2593 465 2660 tentem,
487 2606 553 2651 cum
576 2585 710 2649 omuibus
732 2585 908 2650 utilitatibus
927 2588 1002 2659 suis,
1026 2591 1057 2648 et
1079 2581 1273 2668 pertinenciis
1295 2582 1377 2643 iuxta
1401 2584 1523 2644 veteres
1563 2645 1564 2650 ,

343 2701 438 2761 motas
455 2700 486 2760 ct
501 2695 647 2777 antiquas,
662 2693 848 2779 quibusipsa
863 2698 945 2759 terra
956 2715 1011 2779 per
1021 2694 1138 2777 priores
1150 2710 1220 2755 suos
1233 2707 1429 2773 possessores
1444 2688 1523 2751 exti-
1563 2720 1564 2724 =

341 2808 378 2872 tii
404 2806 441 2871 ab
469 2805 587 2887 antiquo
613 2803 745 2877 limitata,
769 2802 906 2889 pacifice,
931 2807 963 2867 et
983 2820 1134 2886 possessa,
1158 2819 1225 2864 oum
1240 2818 1297 2863 rua
1312 2795 1388 2861 silua
1411 2797 1522 2861 Sumus
1563 2797 1564 2802 ’

342 2919 465 2985 uocata,
493 2917 524 2975 et
546 2931 612 2975 cum
630 2911 791 2975 medietate
812 2911 935 2975 alterius
952 2910 1030 2976 silue
1045 2930 1115 2981 oue,
1130 2910 1161 2973 io
1177 2908 1234 2971 alia
1252 2912 1333 2971 terra
1352 2926 1407 2969 sua
1422 2906 1522 2987 llasag
1563 2991 1564 2994 Ἴ

343 3024 522 3105 nuncupate,
537 3020 671 3083 vendidit
683 3020 825 3102 magistro
838 3019 986 3083 Clementi
998 3018 1200 3083 concanonico
1214 3020 1327 3089 nostro,
1340 3021 1372 3078 et
1381 3034 1439 3099 per
1454 3033 1521 3078 eum
1563 3047 1564 3072 1

341 3131 403 3195 suis
420 3129 565 3213 cognatis,
582 3128 689 3214 quibus
706 3128 785 3192 idem
803 3127 952 3195 ordinabit
968 3147 1024 3212 pro
1043 3127 1167 3209 triginta
1189 3124 1298 3189 marcis
1318 3122 1371 3187 tini
1392 3123 1520 3207 argenti,

342 3239 478 3324 plenarie
505 3237 641 3301 similiter
666 3258 767 3302 coram
792 3236 878 3303 nobis
902 3235 1030 3309 habitis,
1051 3236 1213 3320 persolutis
1240 3237 1272 3297 et
1292 3233 1444 3317 receptis,
1466 3252 1522 3316 per
1563 3219 1564 3222 ¹

341 3347 515 3429 magistrum
530 3344 682 3411 Nicolaum
699 3350 895 3430 prenotatum,
906 3345 971 3409 iure
986 3349 1132 3430 perpetuo
1149 3350 1179 3409 et
1193 3341 1435 3407 irrevocabiliter
1450 3359 1520 3426 pos·

340 3454 509 3528 sidendam,
536 3459 568 3519 et
594 3454 769 3521 habendam.
808 3453 954 3537 Obligans
980 3475 1015 3518 se
1036 3452 1116 3517 idem
1143 3451 1286 3535 magister
1306 3450 1465 3524 Nicotaus,
1488 3453 1519 3513 ut

341 3563 452 3627 dictum
467 3563 641 3646 magistrum
656 3563 838 3627 Clementem
853 3567 885 3627 et
898 3582 970 3626 suos
986 3567 1130 3645 cognatos
1145 3563 1175 3626 in
1186 3560 1314 3647 pacifica
1325 3559 1517 3645 possessione

341 3672 422 3736 dicte
438 3676 519 3737 terre
535 3670 747 3757 perpetualiter
763 3678 968 3744 conseruaret,
985 3678 1088 3735 contra
1106 3677 1221 3755 patrem
1243 3690 1328 3734 suum
1350 3673 1444 3752 atquc
1463 3669 1518 3733 ira-

342 3786 418 3855 tres,
433 3781 558 3856 vicinos,
576 3787 731 3845 extraneos
747 3800 801 3845 sev
812 3786 966 3862 cognatos,
981 3780 1012 3842 iu
1028 3780 1160 3864 propriis
1172 3780 1313 3863 expensis
1325 3782 1358 3842 et
1369 3776 1517 3841 laboribus

342 3908 429 3974 quam
441 3896 550 3953 terram
566 3890 603 3953 ad
615 3888 787 3973 porcionem
797 3908 880 3952 suam
893 3894 1065 3971 apatrcsuo
1075 3886 1284 3951 ctafratribus
1300 3886 1364 3949 suis
1382 3886 1457 3951 dixit
1467 3883 1516 3949 sibi

342 3998 513 4063 deuenisse.
538 3998 576 4060 Et
590 4002 620 4059 vt
631 4000 728 4060 tractu
744 3998 889 4080 temporis
912 3996 970 4060 hcc
986 3997 1102 4079 empcio
1126 4016 1178 4059 ser
1192 3994 1331 4059 vendicio
1348 4015 1409 4058 non
1427 3992 1516 4079 possit

338 4105 469 4179 irritari,
493 4106 547 4170 sed
564 4110 597 4169 ut
612 4104 707 4186 magis
722 4104 815 4167 robur
831 4106 964 4187 optineat
987 4109 1135 4189 perpetue
1156 4103 1334 4175 firmitatis,
1345 4102 1384 4166 ad
1408 4105 1515 4167 instan-

341 4214 427 4285 ciam,
437 4218 468 4277 ct
480 4214 657 4295 peticionem
672 4212 887 4296 predictorum,
899 4218 1056 4295 presentes
1072 4216 1275 4277 concessimus
1291 4211 1411 4276 litteras
1426 4209 1514 4277 muni·

341 4321 421 4387 mine
437 4321 532 4385 nostri
553 4321 646 4405 sigilli
667 4320 832 4385 roboratas.
862 4320 969 4384 Datum
992 4321 1135 4403 magistro
1166 4320 1324 4405 Mychaele
1354 4320 1513 4405 preposito,

342 4429 491 4509 Gregorio
516 4434 646 4503 cantore,
674 4428 766 4507 Paulo
791 4426 915 4492 custode
937 4428 1068 4493 ecclesie
1084 4434 1187 4493 nostre
1206 4427 1415 4494 existentibus.
1438 4429 1513 4493 duno

341 4536 451 4603 domini
468 4535 599 4605 M⁰.CC⁰.
616 4536 809 4619 nonagesimo
819 4534 930 4620 quinto.
