3150 5092
24 862 26 877 l

54 552 151 617 domini
177 552 300 619 Andree
326 552 417 635 regis,
445 550 543 615 eidem
568 550 699 634 capitulo
727 548 931 621 donataretor,
957 562 1059 611 eoram
1084 542 1170 607 nohis
1186 542 1227 605 de

53 662 148 737 uerbo,
163 662 351 736 accerbam,
365 682 432 727 cum
446 676 557 726 somma
571 658 729 743 diligencia
741 655 946 739 transsumptis
961 661 994 719 ot
1007 648 1123 718 eisdem
1139 651 1227 737 plena

53 770 117 837 ldes
131 773 244 859 ubique
259 772 392 838 locorum
408 772 573 842 adiheathl,
589 765 688 849 sigilla
703 770 805 829 nostra
821 765 956 828 donimus
973 760 1159 846 apponenda.

578 917 700 988 cxcii.

600 1037 680 1092 1293.

130 1152 269 1216 Andreas
285 1153 340 1216 Dei
355 1152 451 1234 gratia
468 1151 630 1234 Hungarie‚
645 1148 808 1219 Dalmacie,
835 1145 964 1219 croatie,
988 1146 1089 1217 Rama,
1109 1142 1226 1215 Servis,

24 1326 26 1337 ἦ
54 1256 183 1332 Gallicis,
199 1258 392 1331 hodomerie
410 1258 561 1331 Comanis,
579 1258 779 1342 Belgarieqoe
794 1276 858 1320 rex.
872 1254 1014 1319 Omnibus
1025 1251 1136 1316 Christi
1152 1250 1229 1314 lide-

24 1386 25 1447 ζ
53 1366 120 1430 lihos
144 1376 322 1451 presentem
346 1370 483 1453 paginam
510 1368 688 1450 inspecturis
716 1367 842 1429 salutem
863 1364 894 1428 in
917 1363 1045 1427 omnium
1068 1362 1227 1425 salvatore.

54 1476 91 1539 ld
103 1477 309 1541 universorum
326 1476 456 1541 notitiam
473 1477 576 1540 harum
593 1477 673 1539 serie
689 1476 823 1540 volumus
838 1472 1007 1558 pervenire.
1025 1471 1111 1555 Quod
1128 1489 1227 1533 comes

55 1584 150 1648 Petrus
174 1584 256 1649 filins
279 1584 424 1669 Henneng
441 1584 479 1649 de
494 1587 581 1651 Dato
608 1583 740 1649 exhihuit
761 1583 847 1647 nohis
875 1582 1021 1669 quoddam
1039 1579 1228 1665 privilegium

24 1686 25 1691 ’
55 1692 182 1758 llhensis
216 1694 348 1787 ecclesie
375 1694 571 1760 Transilvane
598 1715 690 1779 super
717 1693 847 1758 emtione
875 1692 1055 1777 quarundam
1082 1696 1229 1754 terrarum

54 1801 150 1887 hlohy,
167 1806 199 1867 et
211 1798 397 1869 Sarrastelelc
408 1808 587 1877 vocatarum,
599 1809 704 1887 petens
718 1823 734 1866 a
746 1802 831 1866 nohis
844 1822 911 1866 cum
922 1801 1069 1873 instantia,
1084 1804 1118 1863 ut
1132 1799 1228 1882 ipsum

24 1910 25 1913 ’
55 1907 238 1993 privilegium
254 1917 350 1976 ratum
360 1910 483 1983 hahere,
501 1919 532 1975 et
547 1916 650 1977 nostro
663 1911 856 1994 dignaremur
871 1910 1028 1994 privilegio
1042 1907 1230 1982 confirmare,

24 2054 25 2109 5
54 2020 127 2083 cuius
135 2012 259 2105 quidem
266 2020 416 2106 privilegii
427 2028 514 2086 tenor
525 2021 593 2084 talis
610 2029 667 2085 est.
685 2020 735 2109 (S.
753 2020 826 2084 Urh.
843 2019 910 2084 v-l.
930 2012 1225 2099 1289‚Nr.ch1x.)

135 2128 199 2193 Nos
212 2131 306 2211 igitur
322 2129 489 2214 predictum
513 2128 702 2215 privilegium
718 2128 858 2193 Albensis
882 2129 1014 2192 ecclesie
1030 2125 1228 2190 Transilvane

24 2254 26 2339 p
56 2253 106 2298 non
125 2238 334 2311 cancellatum,
358 2259 416 2302 nnn
439 2238 576 2303 abrasum
602 2258 659 2302 non
681 2235 833 2309 viciatum,
855 2256 912 2300 nec
928 2238 958 2299 in
971 2234 1067 2319 aliqua
1082 2234 1129 2297 soi
1144 2236 1230 2315 parte

57 2342 278 2418 diminutumde
291 2346 382 2411 verho
395 2348 432 2411 ad
442 2345 566 2412 verhom
575 2342 764 2433 presentibus
776 2345 952 2429 inscriptum
964 2348 1059 2407 ratum
1071 2342 1229 2413 hahentes,

24 2442 26 2497 l
58 2456 84 2515 et
97 2458 254 2539 acceptum
278 2454 456 2519 auctoritate
478 2454 572 2518 nostri
594 2454 744 2539 privilegii
766 2431 900 2518 luximus
929 2449 1168 2517 confirmandum.
1191 2448 1231 2513 Ut

24 2562 27 2635 l
58 2561 141 2641 igitur
156 2563 249 2646 hujus
266 2570 369 2628 nostre
385 2564 617 2630 confirmationis
631 2565 727 2627 series
744 2567 919 2647 perpetuam
931 2560 1040 2624 haheat
1052 2559 1232 2631 firmitatem,

58 2677 208 2750 presentes
228 2674 429 2737 concessimus
446 2673 548 2737 literas
566 2669 712 2756 dupplicis
726 2670 819 2753 sigilli
836 2666 932 2734 nostrl
955 2670 1140 2755 appensione
1155 2688 1228 2731 con-

59 2773 194 2857 signatas.
221 2779 326 2843 Datum
351 2801 407 2865 per
427 2799 530 2843 manus
554 2780 678 2843 discreti
694 2779 749 2844 viri
767 2780 905 2862 magistri
919 2778 1074 2843 Theodori
1088 2776 1230 2841 hlhensis

24 2880 25 2905 ³
58 2884 179 2953 ecclesie
195 2889 351 2973 prepositi,
369 2881 435 2954 aule
451 2894 553 2953 nostre
570 2888 809 2953 vicecancellarii
826 2888 931 2952 dilecti
952 2891 983 2952 et
1004 2884 1101 2952 fidelis
1123 2884 1230 2950 nostri.

24 3002 25 3005 ’
61 2994 134 3059 Anno
150 2997 262 3062 domini
275 2997 430 3062 millesimo
442 2996 491 3061 CC
504 2998 698 3079 nonagesimo
715 2999 813 3062 tertio.

484 3120 487 3127 ’
572 3139 705 3212 cxcnr.

602 3259 683 3314 1291.

137 3365 306 3453 Capitulum
322 3368 454 3433 ecclesie
470 3367 558 3433 heate
574 3368 732 3434 Michaelis
748 3368 922 3450 archangeli
931 3368 1153 3433 Transsilvaoie
1164 3370 1231 3432 uni·

59 3478 141 3539 versis
172 3478 285 3544 Christi
318 3478 455 3543 fidelihus
493 3486 552 3543 tam
583 3479 793 3563 presentibus,
825 3498 912 3562 quam
944 3478 1069 3551 foturis,
1100 3499 1228 3563 presens

62 3585 195 3669 scriptum
211 3587 392 3671 inspecturis
413 3586 537 3651 salutem
554 3587 584 3650 in
602 3589 731 3651 omnium
750 3587 907 3651 salvatore.
920 3585 1132 3650 Universornm
1148 3590 1228 3651 noti-

61 3690 96 3754 lie
109 3692 214 3760 harum
229 3699 309 3761 serie
327 3696 523 3761 declaramus.
549 3696 635 3779 Quod
657 3698 812 3761 lohannes
838 3695 916 3760 filins
934 3696 1051 3759 lwanha
1069 3697 1108 3760 de
1124 3700 1188 3762 Eos
1198 3696 1225 3782 ¹)

59 3816 105 3880 pro
125 3824 157 3867 se
179 3810 212 3869 et
233 3826 287 3890 pro
310 3804 460 3887 Gregorio
478 3804 572 3868 fratre
589 3825 642 3868 suo
659 3805 860 3889 personaliter
875 3806 1022 3877 adstante,
1040 3826 1075 3869 ac
1095 3826 1226 3870 consen·

61 3928 115 3973 som
131 3914 290 3978 exhibente
306 3914 451 4000 quandam
464 3919 578 3978 teram
595 3914 820 3987 hereditariam,
830 3919 862 3978 nt
874 3915 978 3978 eodem
990 3915 1143 3979 referente
1159 3937 1229 3999 per-

61 4026 176 4098 petuam,
198 4021 408 4108 Pellelalav)
428 4028 563 4087 uocatam
579 4025 609 4088 in
632 4026 773 4088 comitato
797 4024 834 4087 de
851 4023 943 4087 Knlns
959 4025 1145 4097 existentem,
1163 4044 1229 4088 mm

62 4132 183 4199 omnihus
200 4132 376 4198 utilitatibus
390 4135 462 4207 suis,
476 4140 506 4198 et
517 4133 707 4217 pertinentiis
718 4134 773 4199 suh
787 4136 851 4198 eius
864 4134 991 4219 antiquis
1008 4136 1106 4206 metis,
1122 4135 1228 4218 signis,

60 4254 105 4301 seo
118 4244 262 4315 terminis,
279 4243 385 4327 quihus
402 4261 466 4306 eam
483 4244 660 4321 hahuerunt,
678 4249 709 4308 et
724 4244 929 4328 possiderunt,
944 4248 1004 4307 tam
1022 4266 1057 4308 ex
1073 4251 1158 4329 parte
1174 4263 1228 4309 soa

60 4363 132 4427 qoam
154 4374 190 4415 ox
210 4356 297 4435 parte
321 4350 393 4416 llicii
406 4353 509 4416 'fratris
532 4355 593 4425 soi,
617 4354 654 4418 oh
678 4354 841 4417 remedium
860 4354 957 4417 anime
986 4353 1062 4417 hone
1082 4356 1224 4418 memorie

62 4462 366 4481 Ἣ

89 4526 109 4585 ι)
122 4532 202 4578 llvvhs.
219 4531 286 4588 Fejer
303 4533 347 4577 Vll.
365 4532 388 4576 2.
406 4533 458 4577 178.
475 4534 499 4579 ln
516 4535 572 4581 Urh.
591 4548 636 4579 von
656 4534 731 4579 1296:
750 4535 841 4580 lwanka
858 4536 887 4579 de
903 4535 1021 4584 Pelethka.

89 4604 110 4667 ²)
125 4612 174 4657 Pele
191 4614 220 4658 im
238 4614 356 4659 hlausenh.
374 4614 456 4660 comit,
825 4640 829 4647 ·
