3150 5092
641 583 738 654 md

652 720 732 777 rane.

179 832 367 916 Stephanus,
380 832 437 897 Dei
448 833 544 914 gratia
559 831 657 897 iunior
669 853 721 896 rex
734 830 1170 915 Vngariedur'l'ransyluanie
1186 831 1283 894 omni·

14 961 17 1036 j
72 942 135 1006 bus
156 941 280 1005 Christi
296 942 435 1006 fidelihus
452 962 579 1026 presens
595 944 742 1025 scrlptum
757 942 951 1025 inspecturis,
965 941 1091 1004 salutem
1107 944 1137 1005 in
1154 941 1282 1004 omnium

14 1039 18 1104 l
72 1052 253 1116 saluatore.
273 1049 427 1115 Celsitudo
440 1051 523 1134 regia
538 1056 568 1115 et
579 1050 751 1133 benignitas
763 1050 841 1114 solet
857 1050 1011 1113 subiectos
1028 1049 1087 1113 sibi
1103 1049 1141 1113 ad
1157 1049 1282 1132 gradum

11 1105 19 1249 l
73 1161 264 1244 prouehere
281 1160 428 1233 altiorem,
445 1162 496 1246 qui
510 1160 643 1226 fideliter
658 1161 841 1224 seruierunt.
865 1158 995 1223 Proinde
1016 1158 1053 1222 ad
1074 1160 1281 1223 uniuersorum

74 1271 225 1334 notitiam
241 1272 345 1334 harum
363 1271 442 1334 serie
464 1271 600 1334 volumus
623 1270 799 1355 peruenire:
824 1269 904 1354 quod
926 1289 994 1332 cum
1010 1268 1142 1340 Bochou,
1162 1267 1279 1344 Bencb,

11 1363 13 1438 I
76 1379 211 1445 Benche
229 1384 260 1444 et
277 1380 416 1452 Bethlen,
439 1378 493 1443 lilii
509 1379 665 1444 Laurentii
681 1379 719 1443 de
735 1378 807 1444 villa
827 1377 939 1461 bylon,
961 1378 1171 1442 conditionarii
1187 1381 1282 1443 nostri

11 1496 12 1578 J
81 1489 211 1554 scilicet
238 1491 403 1554 taruennioi
437 1489 548 1561 nostri,
576 1490 626 1574 qui
652 1489 816 1572 vulgariter
840 1488 958 1551 Kurmis
984 1488 1105 1552 Tarnuc
1133 1488 1283 1562 dicuntur,

11 1599 13 1642 ἲ
77 1617 94 1660 a
120 1601 262 1684 pueritie
289 1604 396 1663 nostre*
415 1599 601 1684 temporibus
626 1597 714 1661 nobis
742 1599 942 1663 seruiuissent
966 1598 1097 1662 fideliter
1120 1603 1150 1663 et
1174 1598 1283 1664 devote

79 1709 112 1771 in
145 1710 326 1773 memoriam
358 1708 444 1772 etiam
471 1709 551 1773 inter
578 1712 680 1774 cetera
704 1708 829 1772 seruitia
852 1712 883 1771 et
903 1707 1066 1772 fidelitates
1089 1729 1201 1782 eorum,
1224 1730 1283 1795 que

11 1844 13 1859 ·
78 1819 306 1890 exhibuerunt,
334 1818 504 1883 reducimus
530 1839 586 1902 per
616 1823 791 1902 presentes,
821 1818 899 1904 quod
932 1838 997 1882 cum
1029 1820 1282 1904 persequentibus

11 1941 12 1955 ¹
78 1929 268 2012 parentibus
297 1929 409 1992 nostris
438 1929 568 1994 claustra
596 1930 689 1992 castri
712 1927 926 1993 llelsetebalorn
951 1927 1138 2002 adiissemus,
1160 1929 1282 1993 Bencbe

78 2038 248 2103 nobiscum
263 2039 378 2102 intrans
396 2037 526 2103 castrum
546 2037 715 2123 predictum
738 2039 766 2100 in
785 2038 891 2102 eodem
908 2038 1120 2122 permanendo,
1145 2039 1235 2102 multa
1252 2044 1284 2103 et

11 2124 13 2137 ³
80 2153 177 2227 grata
202 2147 325 2211 seruitia
347 2146 494 2231 impendit
510 2148 682 2220 indelessa,
704 2168 763 2233 que
786 2148 833 2212 vix
849 2151 974 2231 possunt
997 2168 1052 2231 per
1068 2147 1188 2230 singola
1204 2149 1283 2213 reci·

84 2259 156 2330 tari,
176 2261 320 2340 preterea
336 2256 458 2321 Rechon
469 2257 498 2319 in
515 2255 653 2337 llsuaneg
669 2257 700 2318 in
716 2256 868 2329 conflictu,
889 2276 948 2343 quo
964 2255 1111 2321 ilenricus
1134 2257 1282 2340 palatinus

81 2387 154 2432 cum
185 2366 303 2430 duobus
330 2364 399 2428 filiis
428 2365 491 2429 suis
519 2370 625 2449 captus
648 2367 715 2438 luit,
737 2367 865 2431 seruitia
887 2370 918 2431 et
940 2366 1093 2431 fidelitatis
1111 2387 1203 2449 opera
1224 2388 1280 2451 pro

80 2476 174 2540 nobis
193 2475 373 2546 exercendo,
394 2475 450 2540 fuit
470 2475 624 2540 lethaliter
643 2475 828 2541 vulneratus.
851 2475 914 2540 Nos
930 2477 1031 2562 itaque
1051 2477 1081 2539 in
1098 2497 1277 2560 recompen-

80 2588 234 2650 sationem
251 2585 442 2648 seruitiorum
459 2588 489 2648 et
504 2584 680 2648 fidelitatem
697 2604 798 2648 eorum
815 2585 950 2650 volentes
967 2591 1052 2670 grata
1069 2585 1278 2650 vicissitudine

82 2695 204 2759 eisdem
222 2713 387 2758 occurrere
404 2697 435 2756 et
449 2694 636 2780 respondere
652 2732 694 2742 -
719 2693 1003 2760 conditIonariorum
1027 2699 1197 2759 nostrornm
1224 2715 1280 2759 seu

82 2803 293 2887 predictorum
311 2803 444 2875 eosdem,
455 2806 485 2866 et
497 2823 551 2887 per
569 2822 621 2866 eos
637 2804 793 2867 universos
809 2809 947 2887 posteros
963 2805 1096 2888 ipsorum
1113 2803 1150 2867 ab
1164 2802 1277 2868 eisdem

81 2933 141 2997 per
159 2911 308 2976 directam
324 2911 432 2975 lineam
449 2911 668 2977 descendentes
691 2917 722 2975 et
744 2912 979 2997 simpliciter-
997 2920 1167 2978 nostrorum
1188 2933 1280 2995 rega·

78 3020 155 3085 lium
178 3020 316 3085 duximus
340 3020 577 3085 transferendos.
603 3021 641 3084 Vt
663 3022 754 3104 igitur
778 3060 822 3069 —
846 3021 960 3086 eisdem
983 3043 1000 3086 a
1023 3059 1067 3071 -
1084 3029 1115 3087 et
1130 3041 1277 3087 concessa

81 3132 180 3196 robur
197 3129 333 3193 obtineat
347 3136 495 3214 perpetue
511 3129 668 3204 firmitatis,
686 3151 741 3196 nec
752 3133 782 3196 in
799 3132 896 3215 aliquo
914 3153 1002 3196 cursu
1015 3138 1182 3216 temporum
1204 3153 1276 3216 pos·

80 3241 122 3304 sit
139 3238 191 3305 vel
208 3238 318 3302 debeat
333 3258 389 3321 per
404 3241 572 3324 quempiam
596 3241 626 3304 in
648 3240 764 3303 irrItum
780 3240 919 3304 reuocari
941 3241 989 3306 vel
1013 3243 1181 3314 retraetari,
1204 3262 1276 3324 pre-

79 3349 172 3414 dictis
196 3348 330 3425 Boehou,
353 3348 457 3413 bench
479 3353 510 3411 et
526 3349 663 3422 bethlon,
692 3370 727 3412 ae
744 3369 848 3413 eorum
871 3351 1099 3434 posteritatibus
1115 3357 1274 3435 presentes

79 3457 292 3524 concessimus
309 3458 413 3522 literas
427 3458 556 3543 duplicis
570 3459 663 3542 sigilli
678 3461 774 3525 nostri
792 3459 953 3525 munimine
974 3460 1141 3525 roboratas.
1167 3461 1274 3526 Datum

78 3591 139 3653 per
155 3589 262 3631 manus
278 3560 415 3652 magistri
430 3569 512 3633 Petri
529 3567 632 3635 dilecti
649 3574 678 3633 et
695 3568 794 3634 lidelis
808 3571 903 3634 nostri
916 3570 983 3634 aule
999 3575 1103 3635 nostre
1117 3573 1184 3638 tice
1205 3592 1275 3636 can·

11 3692 12 3696 ’
78 3677 213 3744 sellarii.
238 3679 320 3742 Anno
338 3678 450 3741 domini
466 3678 623 3744 millesimo
641 3678 845 3744 ducentesimo
862 3680 1049 3764 sexagesimo
1067 3687 1183 3747 octauo.

625 3866 736 3937 XCIII.

519 4003 598 4066 meo,
618 4003 644 4057 r.
664 4003 724 4059 un.
749 4005 841 4059 oran.

174 4111 240 4176 Nos
263 4111 349 4199 St1)
375 4112 432 4177 Dei
462 4115 634 4198 gratianos
658 4116 812 4199 Hungarie
842 4115 1046 4199 significamus
1067 4122 1173 4182 tenore
1200 4140 1270 4202 pre-

78 4223 222 4290 sencium
237 4221 386 4286 tniuersis
404 4223 484 4307 quod
506 4223 570 4287 visa
591 4227 768 4307 paupertate
794 4225 915 4308 capituli
936 4226 1124 4291 Transilvani
1148 4227 1271 4292 donavi·

78 4353 149 4396 mus
172 4327 271 4392 eidem
294 4351 329 4394 ex
350 4350 428 4395 nouo
451 4331 637 4396 salifodinam
660 4332 698 4396 de
720 4333 825 4399 Turdo
847 4331 973 4398 liberam
998 4339 1029 4398 et
1046 4338 1212 4420 exemptam
1233 4335 1269 4399 ab

115 4547 142 4608 ι)
159 4541 267 4603 sajet,
286 4547 375 4604 vr1‚l,
394 4548 447 4604 ms,
466 4549 519 4594 tren
533 4551 652 4610 unsrenng
668 4553 724 4597 stan
740 4552 773 4596 st.
793 4551 885 4606 „aaran
