<?xml version="1.0" encoding="UTF-8"?>
<!DOCTYPE html PUBLIC "-//W3C//DTD XHTML 1.0 Transitional//EN"
    "http://www.w3.org/TR/xhtml1/DTD/xhtml1-transitional.dtd">
<html xmlns="http://www.w3.org/1999/xhtml" xml:lang="en" lang="en">
 <head>
  <title>
</title>
<meta http-equiv="Content-Type" content="text/html;charset=utf-8" />
  <meta name='ocr-system' content='tesseract 3.04.00' />
  <meta name='ocr-capabilities' content='ocr_page ocr_carea ocr_par ocr_line ocrx_word'/>
</head>
<body>
  <div class='ocr_page' id='page_1' title='image "./fontesrerumaust26kommgoog_0214.png"; bbox 0 0 3150 5092; ppageno 0'>
   <div class='ocr_carea' id='block_1_1' title="bbox 579 296 727 368">
    <p class='ocr_par' dir='ltr' id='par_1_1' title="bbox 579 296 727 368">
     <span class='ocr_line' id='line_1_1' title="bbox 579 296 727 368; baseline -0.007 0"><span class='ocrx_word' id='word_1_1' title='bbox 579 296 727 368; x_wconf 86' lang='lat'><strong>120</strong></span> 
     </span>
    </p>
   </div>
   <div class='ocr_carea' id='block_1_2' title="bbox 565 471 2981 1950">
    <p class='ocr_par' dir='ltr' id='par_1_2' title="bbox 565 471 2981 1950">
     <span class='ocr_line' id='line_1_2' title="bbox 567 471 2975 557; baseline 0 -24"><span class='ocrx_word' id='word_1_2' title='bbox 567 478 719 534; x_wconf 87' lang='lat' dir='ltr'><strong>tore.</strong></span> <span class='ocrx_word' id='word_1_3' title='bbox 770 471 860 534; x_wconf 86' lang='lat' dir='ltr'><strong>Ad</strong></span> <span class='ocrx_word' id='word_1_4' title='bbox 890 472 1301 535; x_wconf 84' lang='lat' dir='ltr'><strong>universorum</strong></span> <span class='ocrx_word' id='word_1_5' title='bbox 1349 471 1614 535; x_wconf 80' lang='lat' dir='ltr'><strong>notitiam</strong></span> <span class='ocrx_word' id='word_1_6' title='bbox 1659 478 1874 537; x_wconf 89' lang='lat' dir='ltr'><strong>tenore</strong></span> <span class='ocrx_word' id='word_1_7' title='bbox 1904 475 2275 557; x_wconf 85' lang='lat' dir='ltr'><strong>presentium</strong></span> <span class='ocrx_word' id='word_1_8' title='bbox 2309 472 2581 555; x_wconf 89' lang='lat' dir='ltr'><strong>cupimus</strong></span> <span class='ocrx_word' id='word_1_9' title='bbox 2613 473 2975 554; x_wconf 86' lang='lat' dir='ltr'><strong>pervenire,</strong></span> 
     </span>
     <span class='ocr_line' id='line_1_3' title="bbox 565 580 2977 665; baseline 0 -21"><span class='ocrx_word' id='word_1_10' title='bbox 565 581 723 664; x_wconf 89' lang='lat' dir='ltr'><strong>quod</strong></span> <span class='ocrx_word' id='word_1_11' title='bbox 789 581 864 644; x_wconf 89' lang='lat' dir='ltr'><strong>ad</strong></span> <span class='ocrx_word' id='word_1_12' title='bbox 931 585 1193 644; x_wconf 89' lang='lat' dir='ltr'><strong>nostram</strong></span> <span class='ocrx_word' id='word_1_13' title='bbox 1257 580 1624 645; x_wconf 89' lang='lat' dir='ltr'><strong>accedentes</strong></span> <span class='ocrx_word' id='word_1_14' title='bbox 1680 584 2047 665; x_wconf 82' lang='lat' dir='ltr'><strong>presentiam</strong></span> <span class='ocrx_word' id='word_1_15' title='bbox 2108 583 2263 647; x_wconf 78' lang='lat' dir='ltr'><strong>Jula</strong></span> <span class='ocrx_word' id='word_1_16' title='bbox 2327 583 2545 653; x_wconf 88' lang='lat' dir='ltr'><strong>banus,</strong></span> <span class='ocrx_word' id='word_1_17' title='bbox 2626 586 2688 645; x_wconf 91' lang='lat' dir='ltr'><strong>et</strong></span> <span class='ocrx_word' id='word_1_18' title='bbox 2767 582 2977 644; x_wconf 87' lang='lat' dir='ltr'><strong>frater</strong></span> 
     </span>
     <span class='ocr_line' id='line_1_4' title="bbox 567 679 2979 774; baseline -0 -21"><span class='ocrx_word' id='word_1_19' title='bbox 567 710 710 753; x_wconf 90' lang='lat' dir='ltr'><strong>suus</strong></span> <span class='ocrx_word' id='word_1_20' title='bbox 743 690 1083 760; x_wconf 76' lang='lat' dir='ltr'><strong>Nicolaus‚</strong></span> <span class='ocrx_word' id='word_1_21' title='bbox 1131 687 1240 751; x_wconf 87' lang='lat' dir='ltr'><strong>filii</strong></span> <span class='ocrx_word' id='word_1_22' title='bbox 1284 687 1555 752; x_wconf 89' lang='lat' dir='ltr'><strong>Ladislai</strong></span> <span class='ocrx_word' id='word_1_23' title='bbox 1603 689 1762 753; x_wconf 90' lang='lat' dir='ltr'><strong>bone</strong></span> <span class='ocrx_word' id='word_1_24' title='bbox 1809 691 2101 754; x_wconf 84' lang='lat' dir='ltr'><strong>memorie</strong></span> <span class='ocrx_word' id='word_1_25' title='bbox 2135 689 2426 774; x_wconf 87' lang='lat' dir='ltr'><strong>quondam</strong></span> <span class='ocrx_word' id='word_1_26' title='bbox 2461 679 2718 770; x_wconf 76' lang='lat' dir='ltr'><strong>vaj‘vode</strong></span> <span class='ocrx_word' id='word_1_27' title='bbox 2761 689 2979 752; x_wconf 89' lang='lat' dir='ltr'><strong>Tran-</strong></span> 
     </span>
     <span class='ocr_line' id='line_1_5' title="bbox 575 796 2981 880; baseline -0.001 -20"><span class='ocrx_word' id='word_1_28' title='bbox 575 796 832 860; x_wconf 90' lang='lat' dir='ltr'><strong>siluanie</strong></span> <span class='ocrx_word' id='word_1_29' title='bbox 863 816 974 879; x_wconf 91' lang='lat' dir='ltr'><strong>pro</strong></span> <span class='ocrx_word' id='word_1_30' title='bbox 1008 817 1110 872; x_wconf 91' lang='lat' dir='ltr'><strong>se,</strong></span> <span class='ocrx_word' id='word_1_31' title='bbox 1146 801 1208 859; x_wconf 88' lang='lat' dir='ltr'><strong>et</strong></span> <span class='ocrx_word' id='word_1_32' title='bbox 1251 816 1364 880; x_wconf 88' lang='lat' dir='ltr'><strong>pro</strong></span> <span class='ocrx_word' id='word_1_33' title='bbox 1397 797 1585 859; x_wconf 86' lang='lat' dir='ltr'><strong>fratre</strong></span> <span class='ocrx_word' id='word_1_34' title='bbox 1629 798 1901 879; x_wconf 87' lang='lat' dir='ltr'><strong>ejusdem</strong></span> <span class='ocrx_word' id='word_1_35' title='bbox 1945 798 2226 861; x_wconf 87' lang='lat' dir='ltr'><strong>Ladislao</strong></span> <span class='ocrx_word' id='word_1_36' title='bbox 2260 797 2563 868; x_wconf 84' lang='lat' dir='ltr'><strong>dixerunt,</strong></span> <span class='ocrx_word' id='word_1_37' title='bbox 2613 801 2677 858; x_wconf 86' lang='lat' dir='ltr'><strong>et</strong></span> <span class='ocrx_word' id='word_1_38' title='bbox 2706 816 2981 880; x_wconf 86' lang='lat' dir='ltr'><strong>respon-</strong></span> 
     </span>
     <span class='ocr_line' id='line_1_6' title="bbox 568 902 2969 989; baseline -0.001 -21"><span class='ocrx_word' id='word_1_39' title='bbox 568 905 816 968; x_wconf 86' lang='lat' dir='ltr'><strong>derunt:</strong></span> <span class='ocrx_word' id='word_1_40' title='bbox 870 905 1029 988; x_wconf 89' lang='lat' dir='ltr'><strong>quod</strong></span> <span class='ocrx_word' id='word_1_41' title='bbox 1062 904 1356 988; x_wconf 88' lang='lat' dir='ltr'><strong>quandam</strong></span> <span class='ocrx_word' id='word_1_42' title='bbox 1402 908 1627 966; x_wconf 85' lang='lat' dir='ltr'><strong>terram</strong></span> <span class='ocrx_word' id='word_1_43' title='bbox 1678 924 1876 977; x_wconf 88' lang='lat' dir='ltr'><strong>suam,</strong></span> <span class='ocrx_word' id='word_1_44' title='bbox 1921 905 2212 968; x_wconf 83' lang='lat' dir='ltr'><strong>videlicet</strong></span> <span class='ocrx_word' id='word_1_45' title='bbox 2252 904 2319 968; x_wconf 89' lang='lat' dir='ltr'><strong>S.</strong></span> <span class='ocrx_word' id='word_1_46' title='bbox 2353 905 2689 969; x_wconf 77' lang='lat' dir='ltr'><strong>Nicolaum</strong></span> <span class='ocrx_word' id='word_1_47' title='bbox 2711 902 2767 989; x_wconf 86' lang='lat'><strong>¹)</strong></span> <span class='ocrx_word' id='word_1_48' title='bbox 2801 925 2969 966; x_wconf 87' lang='lat' dir='ltr'><strong>nun·</strong></span> 
     </span>
     <span class='ocr_line' id='line_1_7' title="bbox 571 1009 2971 1094; baseline 0 -21"><span class='ocrx_word' id='word_1_49' title='bbox 571 1017 879 1094; x_wconf 85' lang='lat' dir='ltr'><strong>cupatam,</strong></span> <span class='ocrx_word' id='word_1_50' title='bbox 943 1011 1005 1072; x_wconf 88' lang='lat' dir='ltr'><strong>in</strong></span> <span class='ocrx_word' id='word_1_51' title='bbox 1054 1011 1338 1074; x_wconf 85' lang='lat' dir='ltr'><strong>comitatu</strong></span> <span class='ocrx_word' id='word_1_52' title='bbox 1382 1010 1458 1073; x_wconf 89' lang='lat' dir='ltr'><strong>de</strong></span> <span class='ocrx_word' id='word_1_53' title='bbox 1507 1009 1726 1083; x_wconf 87' lang='lat' dir='ltr'><strong>Culus,</strong></span> <span class='ocrx_word' id='word_1_54' title='bbox 1776 1009 2019 1075; x_wconf 89' lang='lat' dir='ltr'><strong>scilicet</strong></span> <span class='ocrx_word' id='word_1_55' title='bbox 2066 1011 2233 1092; x_wconf 83' lang='lat' dir='ltr'><strong>juxta</strong></span> <span class='ocrx_word' id='word_1_56' title='bbox 2287 1011 2527 1075; x_wconf 88' lang='lat' dir='ltr'><strong>fluvium</strong></span> <span class='ocrx_word' id='word_1_57' title='bbox 2584 1011 2690 1072; x_wconf 90' lang='lat' dir='ltr'><strong>Kis</strong></span> <span class='ocrx_word' id='word_1_58' title='bbox 2745 1011 2971 1074; x_wconf 89' lang='lat' dir='ltr'><strong>Zamus</strong></span> 
     </span>
     <span class='ocr_line' id='line_1_8' title="bbox 569 1117 2970 1202; baseline -0.001 -20"><span class='ocrx_word' id='word_1_59' title='bbox 569 1118 980 1198; x_wconf 77' lang='lat' dir='ltr'><strong>adjacentem,</strong></span> <span class='ocrx_word' id='word_1_60' title='bbox 1016 1117 1185 1198; x_wconf 86' lang='lat' dir='ltr'><strong>juxta</strong></span> <span class='ocrx_word' id='word_1_61' title='bbox 1218 1137 1394 1181; x_wconf 84' lang='lat' dir='ltr'><strong>veras</strong></span> <span class='ocrx_word' id='word_1_62' title='bbox 1444 1123 1635 1182; x_wconf 86' lang='lat' dir='ltr'><strong>metas</strong></span> <span class='ocrx_word' id='word_1_63' title='bbox 1680 1124 1741 1182; x_wconf 90' lang='lat' dir='ltr'><strong>et</strong></span> <span class='ocrx_word' id='word_1_64' title='bbox 1771 1119 2046 1202; x_wconf 85' lang='lat' dir='ltr'><strong>antiquas</strong></span> <span class='ocrx_word' id='word_1_65' title='bbox 2096 1139 2229 1182; x_wconf 90' lang='lat' dir='ltr'><strong>cum</strong></span> <span class='ocrx_word' id='word_1_66' title='bbox 2275 1118 2547 1182; x_wconf 88' lang='lat' dir='ltr'><strong>omnibus</strong></span> <span class='ocrx_word' id='word_1_67' title='bbox 2580 1119 2970 1201; x_wconf 83' lang='lat' dir='ltr'><strong>pertinentiis</strong></span> 
     </span>
     <span class='ocr_line' id='line_1_9' title="bbox 573 1224 2968 1308; baseline -0 -18"><span class='ocrx_word' id='word_1_68' title='bbox 573 1230 697 1290; x_wconf 76' lang='lat' dir='ltr'><strong>suis</strong></span> <span class='ocrx_word' id='word_1_69' title='bbox 733 1234 793 1290; x_wconf 75' lang='lat' dir='ltr'><strong>et</strong></span> <span class='ocrx_word' id='word_1_70' title='bbox 825 1226 1172 1290; x_wconf 79' lang='lat' dir='ltr'><strong>utilitatibus</strong></span> <span class='ocrx_word' id='word_1_71' title='bbox 1205 1224 1652 1298; x_wconf 85' lang='lat' dir='ltr'><strong>vendidissent,</strong></span> <span class='ocrx_word' id='word_1_72' title='bbox 1688 1232 1751 1291; x_wconf 88' lang='lat' dir='ltr'><strong>et</strong></span> <span class='ocrx_word' id='word_1_73' title='bbox 1780 1225 2177 1290; x_wconf 83' lang='lat' dir='ltr'><strong>tradidissent</strong></span> <span class='ocrx_word' id='word_1_74' title='bbox 2209 1226 2427 1290; x_wconf 85' lang='lat' dir='ltr'><strong>Joanni</strong></span> <span class='ocrx_word' id='word_1_75' title='bbox 2460 1225 2583 1288; x_wconf 89' lang='lat' dir='ltr'><strong>filio</strong></span> <span class='ocrx_word' id='word_1_76' title='bbox 2618 1226 2863 1308; x_wconf 85' lang='lat' dir='ltr'><strong>Magni,</strong></span> <span class='ocrx_word' id='word_1_77' title='bbox 2901 1231 2968 1289; x_wconf 91' lang='lat' dir='ltr'><strong>et</strong></span> 
     </span>
     <span class='ocr_line' id='line_1_10' title="bbox 573 1332 2971 1417; baseline -0.001 -19"><span class='ocrx_word' id='word_1_78' title='bbox 573 1334 901 1398; x_wconf 76' lang='lat' dir='ltr'><strong>heredibus</strong></span> <span class='ocrx_word' id='word_1_79' title='bbox 947 1333 1106 1405; x_wconf 76' lang='lat' dir='ltr'><strong>suiS,</strong></span> <span class='ocrx_word' id='word_1_80' title='bbox 1157 1333 1571 1416; x_wconf 86' lang='lat' dir='ltr'><strong>heredumque</strong></span> <span class='ocrx_word' id='word_1_81' title='bbox 1617 1333 2077 1397; x_wconf 86' lang='lat' dir='ltr'><strong>successoribus</strong></span> <span class='ocrx_word' id='word_1_82' title='bbox 2125 1353 2237 1415; x_wconf 88' lang='lat' dir='ltr'><strong>pro</strong></span> <span class='ocrx_word' id='word_1_83' title='bbox 2288 1332 2373 1396; x_wconf 77' lang='lat'><strong>50</strong></span> <span class='ocrx_word' id='word_1_84' title='bbox 2426 1335 2644 1397; x_wconf 89' lang='lat' dir='ltr'><strong>marcis</strong></span> <span class='ocrx_word' id='word_1_85' title='bbox 2691 1333 2971 1417; x_wconf 86' lang='lat' dir='ltr'><strong>plenarie</strong></span> 
     </span>
     <span class='ocr_line' id='line_1_11' title="bbox 569 1438 2961 1526; baseline 0.001 -24"><span class='ocrx_word' id='word_1_86' title='bbox 569 1442 877 1526; x_wconf 71' lang='lat' dir='ltr'><strong>perceptis</strong></span> <span class='ocrx_word' id='word_1_87' title='bbox 936 1443 997 1503; x_wconf 90' lang='lat' dir='ltr'><strong>et</strong></span> <span class='ocrx_word' id='word_1_88' title='bbox 1050 1441 1377 1524; x_wconf 86' lang='lat' dir='ltr'><strong>persolutis</strong></span> <span class='ocrx_word' id='word_1_89' title='bbox 1422 1438 1496 1503; x_wconf 87' lang='lat' dir='ltr'><strong>ab</strong></span> <span class='ocrx_word' id='word_1_90' title='bbox 1545 1439 1789 1513; x_wconf 84' lang='lat' dir='ltr'><strong>eodem,</strong></span> <span class='ocrx_word' id='word_1_91' title='bbox 1835 1442 1998 1504; x_wconf 91' lang='lat' dir='ltr'><strong>sicut</strong></span> <span class='ocrx_word' id='word_1_92' title='bbox 2038 1441 2221 1504; x_wconf 89' lang='lat' dir='ltr'><strong>iidem</strong></span> <span class='ocrx_word' id='word_1_93' title='bbox 2268 1444 2407 1504; x_wconf 89' lang='lat' dir='ltr'><strong>sunt</strong></span> <span class='ocrx_word' id='word_1_94' title='bbox 2452 1441 2718 1504; x_wconf 80' lang='lat' dir='ltr'><strong>confessi</strong></span> <span class='ocrx_word' id='word_1_95' title='bbox 2752 1461 2961 1505; x_wconf 87' lang='lat' dir='ltr'><strong>coram</strong></span> 
     </span>
     <span class='ocr_line' id='line_1_12' title="bbox 573 1546 2973 1632; baseline 0.001 -22"><span class='ocrx_word' id='word_1_96' title='bbox 573 1550 777 1618; x_wconf 75' lang='lat' dir='ltr'><strong>nubis,</strong></span> <span class='ocrx_word' id='word_1_97' title='bbox 837 1550 972 1626; x_wconf 87' lang='lat' dir='ltr'><strong>jure</strong></span> <span class='ocrx_word' id='word_1_98' title='bbox 1020 1554 1348 1631; x_wconf 90' lang='lat' dir='ltr'><strong>perpetuo,</strong></span> <span class='ocrx_word' id='word_1_99' title='bbox 1408 1553 1470 1612; x_wconf 89' lang='lat' dir='ltr'><strong>et</strong></span> <span class='ocrx_word' id='word_1_100' title='bbox 1520 1546 2005 1611; x_wconf 81' lang='lat' dir='ltr'><strong>irrevocabiliter</strong></span> <span class='ocrx_word' id='word_1_101' title='bbox 2048 1549 2498 1632; x_wconf 86' lang='lat' dir='ltr'><strong>possidendam.</strong></span> <span class='ocrx_word' id='word_1_102' title='bbox 2563 1549 2751 1630; x_wconf 83' lang='lat' dir='ltr'><strong>Cujus</strong></span> <span class='ocrx_word' id='word_1_103' title='bbox 2800 1552 2973 1612; x_wconf 87' lang='lat' dir='ltr'><strong>terre</strong></span> 
     </span>
     <span class='ocr_line' id='line_1_13' title="bbox 577 1654 2972 1739; baseline 0 -21"><span class='ocrx_word' id='word_1_104' title='bbox 577 1662 902 1718; x_wconf 72' lang='lat' dir='ltr'><strong>munim-ate</strong></span> <span class='ocrx_word' id='word_1_105' title='bbox 965 1654 1363 1720; x_wconf 88' lang='lat' dir='ltr'><strong>commetanei</strong></span> <span class='ocrx_word' id='word_1_106' title='bbox 1419 1661 1558 1719; x_wconf 87' lang='lat' dir='ltr'><strong>sunt</strong></span> <span class='ocrx_word' id='word_1_107' title='bbox 1609 1655 1703 1727; x_wconf 92' lang='lat' dir='ltr'><strong>hi,</strong></span> <span class='ocrx_word' id='word_1_108' title='bbox 1762 1655 2048 1720; x_wconf 82' lang='lat' dir='ltr'><strong>videlieet</strong></span> <span class='ocrx_word' id='word_1_109' title='bbox 2088 1675 2161 1718; x_wconf 83' lang='lat' dir='ltr'><strong>ex</strong></span> <span class='ocrx_word' id='word_1_110' title='bbox 2204 1676 2320 1720; x_wconf 90' lang='lat' dir='ltr'><strong>una</strong></span> <span class='ocrx_word' id='word_1_111' title='bbox 2368 1660 2544 1739; x_wconf 88' lang='lat' dir='ltr'><strong>parte</strong></span> <span class='ocrx_word' id='word_1_112' title='bbox 2588 1654 2697 1719; x_wconf 87' lang='lat' dir='ltr'><strong>filii</strong></span> <span class='ocrx_word' id='word_1_113' title='bbox 2746 1654 2972 1719; x_wconf 85' lang='lat' dir='ltr'><strong>Mikola</strong></span> 
     </span>
     <span class='ocr_line' id='line_1_14' title="bbox 573 1760 2970 1847; baseline 0 -21"><span class='ocrx_word' id='word_1_114' title='bbox 573 1766 833 1834; x_wconf 49' lang='lat' dir='ltr'><strong>comitis*</strong></span> <span class='ocrx_word' id='word_1_115' title='bbox 893 1768 951 1826; x_wconf 84' lang='lat' dir='ltr'><strong>et</strong></span> <span class='ocrx_word' id='word_1_116' title='bbox 1006 1783 1080 1826; x_wconf 87' lang='lat' dir='ltr'><strong>ex</strong></span> <span class='ocrx_word' id='word_1_117' title='bbox 1135 1763 1327 1827; x_wconf 87' lang='lat' dir='ltr'><strong>altera</strong></span> <span class='ocrx_word' id='word_1_118' title='bbox 1376 1784 1531 1847; x_wconf 89' lang='lat' dir='ltr'><strong>pons</strong></span> <span class='ocrx_word' id='word_1_119' title='bbox 1564 1760 1891 1847; x_wconf 63' lang='lat' dir='ltr'><strong>Abbatisss)</strong></span> <span class='ocrx_word' id='word_1_120' title='bbox 1940 1762 2007 1825; x_wconf 93' lang='lat' dir='ltr'><strong>In</strong></span> <span class='ocrx_word' id='word_1_121' title='bbox 2041 1763 2212 1844; x_wconf 88' lang='lat' dir='ltr'><strong>cujus</strong></span> <span class='ocrx_word' id='word_1_122' title='bbox 2254 1764 2345 1826; x_wconf 90' lang='lat' dir='ltr'><strong>rei</strong></span> <span class='ocrx_word' id='word_1_123' title='bbox 2377 1763 2784 1826; x_wconf 90' lang='lat' dir='ltr'><strong>testimonium</strong></span> <span class='ocrx_word' id='word_1_124' title='bbox 2816 1784 2970 1846; x_wconf 86' lang='lat' dir='ltr'><strong>pre-</strong></span> 
     </span>
     <span class='ocr_line' id='line_1_15' title="bbox 573 1869 2967 1950; baseline -0.001 -16"><span class='ocrx_word' id='word_1_125' title='bbox 573 1878 773 1934; x_wconf 72' lang='lat' dir='ltr'><strong>sentes</strong></span> <span class='ocrx_word' id='word_1_126' title='bbox 833 1871 1278 1942; x_wconf 70' lang='lat' dir='ltr'><strong>concessimus,</strong></span> <span class='ocrx_word' id='word_1_127' title='bbox 1334 1871 1659 1935; x_wconf 86' lang='lat' dir='ltr'><strong>munimine</strong></span> <span class='ocrx_word' id='word_1_128' title='bbox 1703 1871 1894 1932; x_wconf 90' lang='lat' dir='ltr'><strong>nostri</strong></span> <span class='ocrx_word' id='word_1_129' title='bbox 1949 1871 2136 1950; x_wconf 87' lang='lat' dir='ltr'><strong>sigilli</strong></span> <span class='ocrx_word' id='word_1_130' title='bbox 2169 1871 2505 1934; x_wconf 85' lang='lat' dir='ltr'><strong>roboratas.</strong></span> <span class='ocrx_word' id='word_1_131' title='bbox 2558 1869 2773 1934; x_wconf 90' lang='lat' dir='ltr'><strong>Datum</strong></span> <span class='ocrx_word' id='word_1_132' title='bbox 2808 1889 2967 1933; x_wconf 89' lang='lat' dir='ltr'><strong>anno</strong></span> 
     </span>
    </p>
   </div>
   <div class='ocr_carea' id='block_1_3' title="bbox 577 1978 1028 2043">
    <p class='ocr_par' dir='ltr' id='par_1_3' title="bbox 577 1978 1028 2043">
     <span class='ocr_line' id='line_1_16' title="bbox 577 1978 1028 2043; baseline -0.007 -1"><span class='ocrx_word' id='word_1_133' title='bbox 577 1978 793 2042; x_wconf 80' lang='lat' dir='ltr'><strong>[lumini</strong></span> <span class='ocrx_word' id='word_1_134' title='bbox 837 1978 1028 2043; x_wconf 75' lang='lat'><strong>1280.</strong></span> 
     </span>
    </p>
   </div>
   <div class='ocr_carea' id='block_1_4' title="bbox 1638 2106 1883 2297">
    <p class='ocr_par' dir='ltr' id='par_1_4' title="bbox 1638 2106 1883 2297">
     <span class='ocr_line' id='line_1_17' title="bbox 1638 2106 1883 2177; baseline -0.012 0"><span class='ocrx_word' id='word_1_135' title='bbox 1638 2106 1883 2177; x_wconf 84' lang='lat' dir='ltr'>CXXV.</span> 
     </span>
     <span class='ocr_line' id='line_1_18' title="bbox 1692 2243 1850 2297; baseline -0.006 -2"><span class='ocrx_word' id='word_1_136' title='bbox 1692 2243 1850 2297; x_wconf 86' lang='lat'>1280.</span> 
     </span>
    </p>
   </div>
   <div class='ocr_carea' id='block_1_5' title="bbox 573 2351 2970 3728">
    <p class='ocr_par' dir='ltr' id='par_1_5' title="bbox 573 2351 2970 3728">
     <span class='ocr_line' id='line_1_19' title="bbox 753 2351 2958 2438; baseline -0.001 -20"><span class='ocrx_word' id='word_1_137' title='bbox 753 2355 1089 2438; x_wconf 73' lang='lat' dir='ltr'><strong>Capitulum</strong></span> <span class='ocrx_word' id='word_1_138' title='bbox 1136 2354 1401 2417; x_wconf 82' lang='lat' dir='ltr'><strong>ecclesie</strong></span> <span class='ocrx_word' id='word_1_139' title='bbox 1435 2351 1603 2416; x_wconf 87' lang='lat' dir='ltr'><strong>beati</strong></span> <span class='ocrx_word' id='word_1_140' title='bbox 1636 2352 1952 2418; x_wconf 68' lang='lat' dir='ltr'><strong>Michaelis</strong></span> <span class='ocrx_word' id='word_1_141' title='bbox 2001 2352 2396 2418; x_wconf 85' lang='lat' dir='ltr'><strong>Transilvane</strong></span> <span class='ocrx_word' id='word_1_142' title='bbox 2430 2389 2516 2399; x_wconf 91' lang='lat'>—</span> <span class='ocrx_word' id='word_1_143' title='bbox 2543 2391 2629 2400; x_wconf 94' lang='lat'>—</span> <span class='ocrx_word' id='word_1_144' title='bbox 2666 2352 2958 2416; x_wconf 87' lang='lat' dir='ltr'><strong>Omnibus</strong></span> 
     </span>
     <span class='ocr_line' id='line_1_20' title="bbox 577 2460 2967 2546; baseline -0 -20"><span class='ocrx_word' id='word_1_145' title='bbox 577 2466 801 2526; x_wconf 73' lang='lat' dir='ltr'><strong>Clu-isti</strong></span> <span class='ocrx_word' id='word_1_146' title='bbox 849 2462 1124 2526; x_wconf 76' lang='lat' dir='ltr'><strong>fidelibus</strong></span> <span class='ocrx_word' id='word_1_147' title='bbox 1171 2470 1516 2546; x_wconf 89' lang='lat' dir='ltr'><strong>presentem</strong></span> <span class='ocrx_word' id='word_1_148' title='bbox 1550 2463 1825 2545; x_wconf 85' lang='lat' dir='ltr'><strong>paginam</strong></span> <span class='ocrx_word' id='word_1_149' title='bbox 1861 2461 2257 2544; x_wconf 88' lang='lat' dir='ltr'><strong>inspecturis,</strong></span> <span class='ocrx_word' id='word_1_150' title='bbox 2312 2460 2566 2523; x_wconf 89' lang='lat' dir='ltr'><strong>salutem</strong></span> <span class='ocrx_word' id='word_1_151' title='bbox 2600 2464 2659 2523; x_wconf 91' lang='lat' dir='ltr'><strong>in</strong></span> <span class='ocrx_word' id='word_1_152' title='bbox 2710 2463 2967 2525; x_wconf 91' lang='lat' dir='ltr'><strong>omnium</strong></span> 
     </span>
     <span class='ocr_line' id='line_1_21' title="bbox 577 2568 2968 2652; baseline -0.001 -18"><span class='ocrx_word' id='word_1_153' title='bbox 577 2574 893 2634; x_wconf 69' lang='lat' dir='ltr'><strong>salvatura.</strong></span> <span class='ocrx_word' id='word_1_154' title='bbox 943 2571 1308 2634; x_wconf 86' lang='lat' dir='ltr'><strong>Cunctorum</strong></span> <span class='ocrx_word' id='word_1_155' title='bbox 1345 2571 1568 2633; x_wconf 89' lang='lat' dir='ltr'><strong>noticie</strong></span> <span class='ocrx_word' id='word_1_156' title='bbox 1613 2569 1823 2632; x_wconf 90' lang='lat' dir='ltr'><strong>harum</strong></span> <span class='ocrx_word' id='word_1_157' title='bbox 1878 2568 2041 2631; x_wconf 87' lang='lat' dir='ltr'><strong>serie</strong></span> <span class='ocrx_word' id='word_1_158' title='bbox 2086 2569 2357 2632; x_wconf 82' lang='lat' dir='ltr'><strong>volumus</strong></span> <span class='ocrx_word' id='word_1_159' title='bbox 2401 2569 2760 2652; x_wconf 86' lang='lat' dir='ltr'><strong>pervenire,</strong></span> <span class='ocrx_word' id='word_1_160' title='bbox 2807 2569 2968 2652; x_wconf 88' lang='lat' dir='ltr'><strong>quod</strong></span> 
     </span>
     <span class='ocr_line' id='line_1_22' title="bbox 573 2675 2964 2759; baseline -0.002 -16"><span class='ocrx_word' id='word_1_161' title='bbox 573 2681 877 2746; x_wconf 60' lang='lat' dir='ltr'><strong>Nifflsauss</strong></span> <span class='ocrx_word' id='word_1_162' title='bbox 909 2680 989 2743; x_wconf 82' lang='lat' dir='ltr'><strong>dc</strong></span> <span class='ocrx_word' id='word_1_163' title='bbox 1024 2680 1324 2748; x_wconf 60' lang='lat' dir='ltr'><strong>Garamas,</strong></span> <span class='ocrx_word' id='word_1_164' title='bbox 1362 2676 1523 2741; x_wconf 88' lang='lat' dir='ltr'><strong>filius</strong></span> <span class='ocrx_word' id='word_1_165' title='bbox 1558 2676 1725 2741; x_wconf 91' lang='lat' dir='ltr'><strong>Obus</strong></span> <span class='ocrx_word' id='word_1_166' title='bbox 1771 2677 2008 2741; x_wconf 89' lang='lat' dir='ltr'><strong>comitis</strong></span> <span class='ocrx_word' id='word_1_167' title='bbox 2030 2723 2046 2747; x_wconf 89' lang='lat'><strong>,</strong></span> <span class='ocrx_word' id='word_1_168' title='bbox 2081 2675 2154 2737; x_wconf 87' lang='lat' dir='ltr'><strong>ad</strong></span> <span class='ocrx_word' id='word_1_169' title='bbox 2190 2681 2454 2739; x_wconf 88' lang='lat' dir='ltr'><strong>nostram</strong></span> <span class='ocrx_word' id='word_1_170' title='bbox 2489 2676 2787 2740; x_wconf 88' lang='lat' dir='ltr'><strong>accedens</strong></span> <span class='ocrx_word' id='word_1_171' title='bbox 2818 2697 2964 2759; x_wconf 90' lang='lat' dir='ltr'><strong>pre-</strong></span> 
     </span>
     <span class='ocr_line' id='line_1_23' title="bbox 577 2783 2965 2868; baseline -0.002 -18"><span class='ocrx_word' id='word_1_172' title='bbox 577 2790 877 2854; x_wconf 74' lang='lat' dir='ltr'><strong>sencium..</strong></span> <span class='ocrx_word' id='word_1_173' title='bbox 923 2785 1231 2849; x_wconf 86' lang='lat' dir='ltr'><strong>humiliter</strong></span> <span class='ocrx_word' id='word_1_174' title='bbox 1265 2785 1440 2848; x_wconf 90' lang='lat' dir='ltr'><strong>nobis</strong></span> <span class='ocrx_word' id='word_1_175' title='bbox 1475 2783 1875 2867; x_wconf 86' lang='lat' dir='ltr'><strong>supplicando</strong></span> <span class='ocrx_word' id='word_1_176' title='bbox 1913 2783 2284 2866; x_wconf 87' lang='lat' dir='ltr'><strong>postulabat,</strong></span> <span class='ocrx_word' id='word_1_177' title='bbox 2334 2791 2396 2846; x_wconf 89' lang='lat' dir='ltr'><strong>ut</strong></span> <span class='ocrx_word' id='word_1_178' title='bbox 2438 2783 2738 2866; x_wconf 88' lang='lat' dir='ltr'><strong>quoddam</strong></span> <span class='ocrx_word' id='word_1_179' title='bbox 2769 2785 2965 2868; x_wconf 81' lang='lat' dir='ltr'><strong>privi-</strong></span> 
     </span>
     <span class='ocr_line' id='line_1_24' title="bbox 577 2890 2965 2978; baseline -0.002 -19"><span class='ocrx_word' id='word_1_180' title='bbox 577 2894 797 2978; x_wconf 77' lang='lat' dir='ltr'><strong>legium</strong></span> <span class='ocrx_word' id='word_1_181' title='bbox 845 2894 1033 2974; x_wconf 81' lang='lat' dir='ltr'><strong>ipsius</strong></span> <span class='ocrx_word' id='word_1_182' title='bbox 1075 2914 1259 2976; x_wconf 88' lang='lat' dir='ltr'><strong>super</strong></span> <span class='ocrx_word' id='word_1_183' title='bbox 1302 2898 1465 2956; x_wconf 88' lang='lat' dir='ltr'><strong>terra</strong></span> <span class='ocrx_word' id='word_1_184' title='bbox 1503 2895 1775 2958; x_wconf 79' lang='lat' dir='ltr'><strong>Gumbas</strong></span> <span class='ocrx_word' id='word_1_185' title='bbox 1812 2890 2108 2975; x_wconf 85' lang='lat' dir='ltr'><strong>quondam</strong></span> <span class='ocrx_word' id='word_1_186' title='bbox 2144 2890 2518 2962; x_wconf 85' lang='lat' dir='ltr'><strong>confectum,</strong></span> <span class='ocrx_word' id='word_1_187' title='bbox 2570 2896 2633 2954; x_wconf 90' lang='lat' dir='ltr'><strong>et</strong></span> <span class='ocrx_word' id='word_1_188' title='bbox 2665 2897 2965 2956; x_wconf 86' lang='lat' dir='ltr'><strong>vetustate</strong></span> 
     </span>
     <span class='ocr_line' id='line_1_25' title="bbox 581 2997 2970 3084; baseline 0 -22"><span class='ocrx_word' id='word_1_189' title='bbox 581 3009 1030 3082; x_wconf 70' lang='lat' dir='ltr'><strong>consumptum,</strong></span> <span class='ocrx_word' id='word_1_190' title='bbox 1082 3001 1469 3083; x_wconf 85' lang='lat' dir='ltr'><strong>dignaremur</strong></span> <span class='ocrx_word' id='word_1_191' title='bbox 1502 3002 1621 3064; x_wconf 91' lang='lat' dir='ltr'><strong>sibi</strong></span> <span class='ocrx_word' id='word_1_192' title='bbox 1666 3019 1983 3062; x_wconf 84' lang='lat' dir='ltr'><strong>renovare.</strong></span> <span class='ocrx_word' id='word_1_193' title='bbox 2050 2997 2231 3062; x_wconf 89' lang='lat' dir='ltr'><strong>Cuius</strong></span> <span class='ocrx_word' id='word_1_194' title='bbox 2277 3003 2456 3061; x_wconf 90' lang='lat' dir='ltr'><strong>tenor</strong></span> <span class='ocrx_word' id='word_1_195' title='bbox 2503 3000 2560 3060; x_wconf 91' lang='lat' dir='ltr'><strong>in</strong></span> <span class='ocrx_word' id='word_1_196' title='bbox 2600 3001 2843 3084; x_wconf 89' lang='lat' dir='ltr'><strong>antiquo</strong></span> <span class='ocrx_word' id='word_1_197' title='bbox 2878 3001 2970 3063; x_wconf 91' lang='lat' dir='ltr'><strong>sic</strong></span> 
     </span>
     <span class='ocr_line' id='line_1_26' title="bbox 577 3106 2967 3193; baseline -0.002 -20"><span class='ocrx_word' id='word_1_198' title='bbox 577 3110 999 3174; x_wconf 71' lang='lat' dir='ltr'><strong>continebatur</strong></span> <span class='ocrx_word' id='word_1_199' title='bbox 1025 3106 1331 3171; x_wconf 88' lang='lat' dir='ltr'><strong>ordinatus</strong></span> <span class='ocrx_word' id='word_1_200' title='bbox 1351 3108 1560 3193; x_wconf 86' lang='lat' dir='ltr'><strong>(siehe</strong></span> <span class='ocrx_word' id='word_1_201' title='bbox 1583 3106 1731 3172; x_wconf 86' lang='lat' dir='ltr'><strong>Urk.</strong></span> <span class='ocrx_word' id='word_1_202' title='bbox 1758 3106 1984 3170; x_wconf 85' lang='lat' dir='ltr'>XLVII.</span> <span class='ocrx_word' id='word_1_203' title='bbox 2006 3106 2237 3192; x_wconf 84' lang='lat'>1231).</span> <span class='ocrx_word' id='word_1_204' title='bbox 2272 3107 2395 3170; x_wconf 92' lang='lat' dir='ltr'><strong>Nos</strong></span> <span class='ocrx_word' id='word_1_205' title='bbox 2424 3107 2612 3187; x_wconf 88' lang='lat' dir='ltr'><strong>igitur</strong></span> <span class='ocrx_word' id='word_1_206' title='bbox 2648 3109 2967 3190; x_wconf 91' lang='lat' dir='ltr'><strong>peticioni-</strong></span> 
     </span>
     <span class='ocr_line' id='line_1_27' title="bbox 581 3214 2965 3300; baseline -0 -22"><span class='ocrx_word' id='word_1_207' title='bbox 581 3218 689 3278; x_wconf 76' lang='lat' dir='ltr'><strong>bus</strong></span> <span class='ocrx_word' id='word_1_208' title='bbox 721 3218 909 3298; x_wconf 73' lang='lat' dir='ltr'><strong>ipsius</strong></span> <span class='ocrx_word' id='word_1_209' title='bbox 943 3215 1178 3279; x_wconf 89' lang='lat' dir='ltr'><strong>Nicolai</strong></span> <span class='ocrx_word' id='word_1_210' title='bbox 1212 3217 1482 3280; x_wconf 92' lang='lat' dir='ltr'><strong>inclinati</strong></span> <span class='ocrx_word' id='word_1_211' title='bbox 1510 3217 1695 3298; x_wconf 84' lang='lat' dir='ltr'><strong>justis</strong></span> <span class='ocrx_word' id='word_1_212' title='bbox 1731 3219 1792 3277; x_wconf 90' lang='lat' dir='ltr'><strong>et</strong></span> <span class='ocrx_word' id='word_1_213' title='bbox 1817 3214 2123 3290; x_wconf 86' lang='lat' dir='ltr'><strong>honestis,</strong></span> <span class='ocrx_word' id='word_1_214' title='bbox 2160 3217 2464 3300; x_wconf 86' lang='lat' dir='ltr'><strong>antiquum</strong></span> <span class='ocrx_word' id='word_1_215' title='bbox 2508 3217 2965 3279; x_wconf 85' lang='lat' dir='ltr'><strong>instrumentum</strong></span> 
     </span>
     <span class='ocr_line' id='line_1_28' title="bbox 577 3321 2963 3402; baseline 0 -16"><span class='ocrx_word' id='word_1_216' title='bbox 577 3326 841 3386; x_wconf 72' lang='lat' dir='ltr'><strong>seriatim</strong></span> <span class='ocrx_word' id='word_1_217' title='bbox 885 3323 1315 3397; x_wconf 88' lang='lat' dir='ltr'><strong>rescribendo,</strong></span> <span class='ocrx_word' id='word_1_218' title='bbox 1363 3327 1423 3387; x_wconf 87' lang='lat' dir='ltr'><strong>in</strong></span> <span class='ocrx_word' id='word_1_219' title='bbox 1475 3343 1685 3388; x_wconf 83' lang='lat' dir='ltr'><strong>novam</strong></span> <span class='ocrx_word' id='word_1_220' title='bbox 1733 3322 2002 3385; x_wconf 87' lang='lat' dir='ltr'><strong>chartam</strong></span> <span class='ocrx_word' id='word_1_221' title='bbox 2051 3321 2400 3402; x_wconf 86' lang='lat' dir='ltr'><strong>redegimus</strong></span> <span class='ocrx_word' id='word_1_222' title='bbox 2448 3323 2816 3386; x_wconf 85' lang='lat' dir='ltr'><strong>duraturam.</strong></span> <span class='ocrx_word' id='word_1_223' title='bbox 2873 3323 2963 3386; x_wconf 93' lang='lat' dir='ltr'><strong>Ne</strong></span> 
     </span>
     <span class='ocr_line' id='line_1_29' title="bbox 577 3429 2962 3514; baseline 0.002 -24"><span class='ocrx_word' id='word_1_224' title='bbox 577 3434 765 3514; x_wconf 77' lang='lat' dir='ltr'><strong>igitur·</strong></span> <span class='ocrx_word' id='word_1_225' title='bbox 821 3430 1158 3510; x_wconf 87' lang='lat' dir='ltr'><strong>hujusmodi</strong></span> <span class='ocrx_word' id='word_1_226' title='bbox 1213 3436 1557 3496; x_wconf 87' lang='lat' dir='ltr'><strong>contractus</strong></span> <span class='ocrx_word' id='word_1_227' title='bbox 1602 3451 1711 3514; x_wconf 87' lang='lat' dir='ltr'><strong>per</strong></span> <span class='ocrx_word' id='word_1_228' title='bbox 1755 3429 2092 3514; x_wconf 86' lang='lat' dir='ltr'><strong>quempiam</strong></span> <span class='ocrx_word' id='word_1_229' title='bbox 2142 3430 2336 3511; x_wconf 85' lang='lat' dir='ltr'><strong>possit</strong></span> <span class='ocrx_word' id='word_1_230' title='bbox 2376 3433 2683 3502; x_wconf 83' lang='lat' dir='ltr'><strong>revocari,</strong></span> <span class='ocrx_word' id='word_1_231' title='bbox 2729 3431 2962 3495; x_wconf 85' lang='lat' dir='ltr'><strong>litteras</strong></span> 
     </span>
     <span class='ocr_line' id='line_1_30' title="bbox 581 3536 2960 3621; baseline 0 -19"><span class='ocrx_word' id='word_1_232' title='bbox 581 3546 813 3602; x_wconf 72' lang='lat' dir='ltr'><strong>nostras</strong></span> <span class='ocrx_word' id='word_1_233' title='bbox 873 3540 1313 3610; x_wconf 73' lang='lat' dir='ltr'><strong>concessimuS‚</strong></span> <span class='ocrx_word' id='word_1_234' title='bbox 1371 3539 1576 3621; x_wconf 88' lang='lat' dir='ltr'><strong>sigillo</strong></span> <span class='ocrx_word' id='word_1_235' title='bbox 1635 3541 1839 3601; x_wconf 88' lang='lat' dir='ltr'><strong>nostro</strong></span> <span class='ocrx_word' id='word_1_236' title='bbox 1897 3536 2094 3599; x_wconf 90' lang='lat' dir='ltr'><strong>eidem</strong></span> <span class='ocrx_word' id='word_1_237' title='bbox 2138 3537 2475 3600; x_wconf 73' lang='lat' dir='ltr'><strong>roboratas</strong></span> <span class='ocrx_word' id='word_1_238' title='bbox 2543 3537 2762 3603; x_wconf 90' lang='lat' dir='ltr'><strong>Datum</strong></span> <span class='ocrx_word' id='word_1_239' title='bbox 2812 3559 2960 3602; x_wconf 90' lang='lat' dir='ltr'><strong>anno</strong></span> 
     </span>
     <span class='ocr_line' id='line_1_31' title="bbox 585 3645 2127 3728; baseline -0.001 -22"><span class='ocrx_word' id='word_1_240' title='bbox 585 3646 813 3710; x_wconf 76' lang='lat' dir='ltr'><strong>Domini</strong></span> <span class='ocrx_word' id='word_1_241' title='bbox 853 3647 1184 3719; x_wconf 79' lang='lat' dir='ltr'><strong>millesimo,</strong></span> <span class='ocrx_word' id='word_1_242' title='bbox 1226 3645 1661 3719; x_wconf 89' lang='lat' dir='ltr'><strong>ducentesimo,</strong></span> <span class='ocrx_word' id='word_1_243' title='bbox 1696 3647 2127 3728; x_wconf 89' lang='lat' dir='ltr'><strong>octuagesimo.</strong></span> 
     </span>
    </p>
   </div>
   <div class='ocr_carea' id='block_1_6' title="bbox 1647 3830 1913 4018">
    <p class='ocr_par' dir='ltr' id='par_1_6' title="bbox 1647 3830 1913 4018">
     <span class='ocr_line' id='line_1_32' title="bbox 1647 3830 1913 3900; baseline -0.008 0"><span class='ocrx_word' id='word_1_244' title='bbox 1647 3830 1913 3900; x_wconf 85' lang='lat' dir='ltr'>CXXVI.</span> 
     </span>
     <span class='ocr_line' id='line_1_33' title="bbox 1692 3966 1853 4018; baseline -0.006 0"><span class='ocrx_word' id='word_1_245' title='bbox 1692 3966 1853 4018; x_wconf 83' lang='lat'><strong>1280.</strong></span> 
     </span>
    </p>
   </div>
   <div class='ocr_carea' id='block_1_7' title="bbox 581 4073 2955 4266">
    <p class='ocr_par' dir='ltr' id='par_1_7' title="bbox 581 4073 2955 4266">
     <span class='ocr_line' id='line_1_34' title="bbox 761 4073 2955 4158; baseline -0.001 -20"><span class='ocrx_word' id='word_1_246' title='bbox 761 4074 885 4138; x_wconf 76' lang='lat' dir='ltr'><strong>Nus</strong></span> <span class='ocrx_word' id='word_1_247' title='bbox 928 4074 1271 4157; x_wconf 85' lang='lat' dir='ltr'><strong>Stephanus</strong></span> <span class='ocrx_word' id='word_1_248' title='bbox 1306 4076 1606 4139; x_wconf 86' lang='lat' dir='ltr'><strong>Adrianus</strong></span> <span class='ocrx_word' id='word_1_249' title='bbox 1640 4094 1845 4139; x_wconf 90' lang='lat' dir='ltr'><strong>comes</strong></span> <span class='ocrx_word' id='word_1_250' title='bbox 1889 4094 1961 4137; x_wconf 90' lang='lat' dir='ltr'><strong>ac</strong></span> <span class='ocrx_word' id='word_1_251' title='bbox 2004 4075 2193 4138; x_wconf 88' lang='lat' dir='ltr'><strong>ceteri</strong></span> <span class='ocrx_word' id='word_1_252' title='bbox 2230 4073 2421 4137; x_wconf 90' lang='lat' dir='ltr'><strong>Siculi</strong></span> <span class='ocrx_word' id='word_1_253' title='bbox 2453 4076 2568 4137; x_wconf 84' lang='lat' dir='ltr'><strong>viri</strong></span> <span class='ocrx_word' id='word_1_254' title='bbox 2611 4074 2849 4158; x_wconf 88' lang='lat' dir='ltr'><strong>prouidi</strong></span> <span class='ocrx_word' id='word_1_255' title='bbox 2895 4078 2955 4136; x_wconf 88' lang='lat' dir='ltr'><strong>et</strong></span> 
     </span>
     <span class='ocr_line' id='line_1_35' title="bbox 581 4182 2953 4266; baseline -0.001 -20"><span class='ocrx_word' id='word_1_256' title='bbox 581 4186 817 4246; x_wconf 74' lang='lat' dir='ltr'><strong>honesti</strong></span> <span class='ocrx_word' id='word_1_257' title='bbox 853 4186 910 4246; x_wconf 83' lang='lat' dir='ltr'><strong>in</strong></span> <span class='ocrx_word' id='word_1_258' title='bbox 958 4184 1206 4264; x_wconf 85' lang='lat' dir='ltr'><strong>dyocesi</strong></span> <span class='ocrx_word' id='word_1_259' title='bbox 1239 4184 1516 4266; x_wconf 86' lang='lat' dir='ltr'><strong>Thelegd</strong></span> <span class='ocrx_word' id='word_1_260' title='bbox 1543 4184 1871 4248; x_wconf 89' lang='lat' dir='ltr'><strong>constituti.</strong></span> <span class='ocrx_word' id='word_1_261' title='bbox 1922 4182 2011 4246; x_wconf 85' lang='lat' dir='ltr'><strong>Ad</strong></span> <span class='ocrx_word' id='word_1_262' title='bbox 2045 4183 2458 4246; x_wconf 86' lang='lat' dir='ltr'><strong>vniversorum</strong></span> <span class='ocrx_word' id='word_1_263' title='bbox 2501 4184 2785 4247; x_wconf 89' lang='lat' dir='ltr'><strong>noticiam</strong></span> <span class='ocrx_word' id='word_1_264' title='bbox 2818 4202 2953 4266; x_wconf 89' lang='lat' dir='ltr'><strong>pre-</strong></span> 
     </span>
    </p>
   </div>
   <div class='ocr_carea' id='block_1_8' title="bbox 645 4390 1086 4530">
    <p class='ocr_par' dir='ltr' id='par_1_8' title="bbox 645 4390 1086 4530">
     <span class='ocr_line' id='line_1_36' title="bbox 649 4390 1086 4446; baseline 0 -12"><span class='ocrx_word' id='word_1_265' title='bbox 649 4390 693 4446; x_wconf 66' lang='lat'><strong>1]</strong></span> <span class='ocrx_word' id='word_1_266' title='bbox 733 4394 873 4434; x_wconf 67' lang='lat' dir='ltr'><strong>Sanni:</strong></span> <span class='ocrx_word' id='word_1_267' title='bbox 903 4390 1086 4434; x_wconf 81' lang='lat' dir='ltr'><strong>Miklos.</strong></span> 
     </span>
     <span class='ocr_line' id='line_1_37' title="bbox 645 4470 948 4530; baseline 0 -16"><span class='ocrx_word' id='word_1_268' title='bbox 645 4470 697 4530; x_wconf 60' lang='grc' dir='ltr'><strong>Ε]</strong></span> <span class='ocrx_word' id='word_1_269' title='bbox 733 4473 948 4526; x_wconf 59' lang='grc' dir='ltr'><strong>ὴμῆὴίὼι.</strong></span> 
     </span>
    </p>
   </div>
  </div>
 </body>
</html>
