3150 5092
664 579 784 650 CCXX.

577 714 666 777 1299,
690 716 734 771 28.
754 716 880 770 October.

216 826 281 890 Nos
294 830 459 891 conuentus
471 827 643 889 monasterii
653 826 741 891 beate
754 826 851 889 illaria
863 825 991 909 virginis
1005 825 1043 889 de
1055 824 1150 890 llulus
1159 826 1323 898 llonustra,

128 932 266 997 omnibus
288 939 319 997 et
340 932 467 1015 singulis
492 931 605 997 Christi
624 932 773 1004 fidelibus,
797 942 857 998 tam
881 932 1084 1018 presentibus,
1106 954 1194 1018 quam
1215 934 1325 997 futuris

127 1046 228 1106 notum
259 1041 430 1114 reddimus,
458 1047 490 1104 et
514 1041 716 1105 manifestum.
742 1042 828 1123 Quod
850 1042 880 1104 in
902 1061 980 1105 anno
1008 1043 1144 1124 presenti
1166 1040 1324 1105 millesimo

127 1147 338 1214 ducentesimo
350 1149 546 1232 nonagesimo
563 1168 640 1213 nono
657 1150 687 1213 in
703 1150 782 1215 iesto
791 1148 924 1212 Simonis
937 1154 968 1213 et
979 1149 1060 1214 lude
1075 1150 1231 1213 beatorum
1249 1169 1324 1232 apo·

125 1256 274 1321 stolorum
290 1259 436 1339 magister
446 1258 600 1323 Nischana
613 1258 843 1323 archidiaconus
855 1258 895 1322 de
908 1258 1027 1329 loculo,
1045 1258 1206 1322 canonicus
1223 1257 1326 1321 eccle-

125 1367 170 1429 sie
191 1365 223 1429 b.
247 1365 404 1431 Michaelis
430 1366 613 1448 Archangeli
638 1366 861 1450 Transylvane,
890 1370 921 1430 et
943 1367 1078 1429 notarius
1103 1367 1216 1430 domini
1243 1365 1325 1427 Petri

125 1474 265 1557 episcopi
281 1472 415 1537 eiusdem
432 1472 576 1545 ecclesie,
593 1493 692 1537 coram
709 1472 796 1536 nobis
824 1472 1024 1556 personaliter
1047 1476 1245 1543 constitutus,
1269 1492 1325 1554 pre

124 1582 243 1647 foribus
271 1582 460 1653 monasterii,
489 1586 519 1644 et
544 1580 677 1646 ecclesie
705 1589 826 1653 nostre,
854 1581 993 1644 adstante
1023 1580 1235 1645 innumerabili
1259 1582 1325 1643 lere

124 1690 228 1773 populi
245 1690 430 1753 multitudine
447 1690 669 1762 commorando,
694 1689 799 1762 semel,
816 1710 852 1752 ac
875 1690 991 1753 iterum·
1000 1690 1216 1753 instantissime
1233 1689 1324 1769 flagi·

124 1785 209 1871 tavit',
227 1803 259 1861 et
277 1799 437 1881 postularit
455 1821 470 1863 a
489 1797 587 1875 nobis,
601 1803 633 1862 ut
649 1800 676 1862 vi
690 1799 877 1863 auctoritatis
893 1803 1007 1870 nostre,
1026 1800 1056 1861 in
1072 1798 1219 1863 similibus
1237 1796 1324 1859 nobis

124 1907 206 1970 iuxta
235 1906 323 1987 regni
341 1904 458 1986 legem,
482 1911 512 1968 at
540 1905 787 1970 consuetudinem
812 1906 964 1989 antiquam
987 1907 1202 1988 competentis,
1231 1925 1324 1986 super

125 2012 267 2098 sequenti
289 2012 424 2094 ejusdem
448 2000 651 2079 declaratione
667 2034 726 2076 non
750 2014 846 2079 solum
864 2015 985 2077 nomine
1000 2014 1182 2077 venerabilis
1200 2015 1322 2098 capituli

125 2122 186 2193 sui,
204 2121 260 2185 sed
276 2127 308 2184 et
329 2122 358 2183 in
382 2142 511 2206 persona
528 2121 603 2187 dicti
628 2122 737 2187 domini
762 2123 845 2186 Petri
861 2122 999 2206 episcopi
1017 2124 1217 2207 Transylvani
1232 2125 1323 2197 lacta,

16 2240 17 2313 J
125 2228 279 2293 solemnes
301 2234 418 2293 nostras
442 2230 651 2314 expediremus
672 2231 776 2294 literas
793 2233 997 2293 attestatorias
1015 2232 1145 2295 suturam
1162 2232 1199 2295 ad
1216 2238 1323 2297 caute·

15 2368 16 2395 r
125 2356 185 2410 am,
203 2336 496 2421 publicationemque
512 2338 724 2414 universalem,
739 2357 799 2421 qne
814 2339 937 2423 quidem
953 2339 1117 2403 declaratio
1134 2359 1238 2402 coram
1254 2344 1322 2404 uni·

14 2432 15 2439 ἵ
124 2465 217 2510 verso
241 2446 351 2529 populo
373 2446 470 2530 palam
488 2446 632 2531 ‚perlecta
655 2446 786 2511 habehat
810 2447 888 2509 hanc
905 2445 970 2510 fere
985 2445 1146 2511 verborum
1162 2447 1322 2511 continen-

14 2598 15 2645 3
124 2557 214 2619 tiam:
238 2553 408 2627 Noveritis,
426 2557 506 2638 quod
530 2556 603 2619 licet
620 2555 756 2619 dominus
773 2558 888 2620 Patmos
904 2554 1068 2633 legitimus,
1086 2559 1117 2615 et
1133 2555 1239 2618 unicus
1257 2555 1323 2638 epi·

14 2700 15 2703 =
125 2682 239 2746 scopus
255 2662 477 2745 Transylvanus
490 2662 573 2743 juxta
586 2662 698 2726 seriem
712 2682 847 2746 nuperne
863 2662 1015 2742 generalis
1028 2662 1252 2725 constitutionis
1269 2684 1324 2745 per

125 2770 277 2835 dominum
291 2769 439 2833 lndream
455 2769 512 2833 Dei
528 2770 625 2853 gratia
642 2787 746 2848 regem
763 2768 916 2849 ilungarie
933 2767 1091 2842 illustrem,
1109 2770 1237 2853 ejusque
1250 2790 1323 2852 pre-

123 2877 214 2950 latos,
243 2877 384 2949 barones,
412 2898 448 2941 ac
471 2878 588 2941 nobiles
612 2879 771 2941 universos
799 2879 926 2951 sancite,
950 2874 987 2938 ad
1013 2876 1181 2959 quindenas
1203 2878 1275 2939 festi
1291 2876 1322 2942 b.
1360 2939 1362 2943 ,

125 2984 254 3065 Georgii
270 2985 411 3054 martiris,
426 2984 509 3066 juxta
526 2984 693 3048 Danubium
709 3004 840 3049 unacum
855 2983 981 3068 reliquis
998 2984 1133 3067 prelatis,
1150 2984 1322 3058 baronibus,

124 3096 156 3155 et
173 3090 323 3156 nobilibus
340 3092 498 3162 universis,
515 3112 571 3175 pro
584 3091 748 3157 tractandis
764 3092 866 3154 arduis
882 3092 969 3173 regui
987 3091 1075 3173 hujus
1092 3094 1234 3172 negotiis,
1252 3099 1320 3157 ten-

124 3200 275 3281 tandaque
308 3184 436 3282 partium
463 3198 699 3263 reconcilatione
729 3200 925 3270 convenerit,
958 3199 1130 3282 ibidemque
1158 3200 1323 3265 christiane

124 3305 211 3392 pacis
233 3308 298 3371 nelo
320 3307 440 3379 ductus,
458 3312 567 3371 cuncta
582 3308 694 3390 egerit,
712 3308 943 3391 tentaveritque,
963 3327 1021 3392 que
1035 3327 1090 3389 pro
1106 3309 1320 3373 reformatione

122 3414 245 3499 publice
273 3417 506 3501 tranquillitatis,
530 3421 560 3480 ei
582 3422 678 3482 status
695 3416 794 3499 regni,
811 3436 848 3480 ac
863 3436 920 3499 pro
938 3416 1169 3498 recuperatione
1186 3418 1322 3480 immuni·

123 3523 194 3587 tatis
210 3522 420 3589 ecclesiastice
438 3523 610 3587 necessaria
627 3522 823 3597 uidebantur;
841 3527 873 3587 et
884 3524 956 3586 licet
971 3523 1049 3586 idem
1064 3524 1201 3587 dominus
1213 3525 1321 3588 Petrus

123 3630 268 3713 plurimus
281 3630 311 3691 in
322 3650 358 3693 eo
372 3628 577 3706 desudaverit,
591 3635 623 3695 ut
634 3635 781 3713 magister
791 3630 964 3718 Greqorins
977 3627 1320 3711 electusStrigoniensis

124 3756 219 3819 regno
244 3738 314 3801 huic
340 3735 600 3809 reconciliaretur,
623 3741 722 3801 tamen
745 3738 814 3820 ipse
831 3738 975 3819 magister
992 3736 1170 3817 Gregorius,
1183 3738 1321 3801 nescitur

73 3848 76 3855 ’
124 3864 183 3929 quo
201 3844 311 3909 ductus
328 3844 442 3907 zizania
458 3848 569 3916 menie,
587 3847 742 3909 immemor
757 3850 839 3909 tante
861 3843 1071 3908 benevolentie
1095 3848 1127 3907 et
1149 3844 1320 3908 fraternalis

124 3956 152 4016 in
170 3952 293 4017 Christo
319 3952 482 4023 charitatis,
504 3957 601 4017 semet
617 3972 675 4016 non
692 3954 786 4017 solum
804 3953 1038 4033 Strigoniensis,
1057 3952 1112 4015 sed
1131 3959 1160 4015 et
1177 3952 1317 4015 Albensis

124 4060 323 4125 ecclesiarum
353 4059 640 4133 administratorem,
676 4065 707 4123 et
734 4061 875 4125 nuncium
904 4063 1009 4123 sancte
1042 4059 1125 4123 sedis
1153 4060 1319 4145 apostolice

123 4168 279 4239 affectans,
307 4172 337 4231 et
362 4168 518 4240 adserens,
548 4187 607 4229 non
627 4167 761 4231 modicas
787 4167 885 4231 eidem
913 4167 1032 4231 domino
1054 4168 1144 4230 Petro
1162 4167 1317 4231 molestias

123 4277 309 4346 causaverit,
337 4276 490 4359 quinimo
516 4275 669 4339 discordie
696 4280 728 4339 et
757 4294 933 4357 gverrarum
959 4277 989 4338 in
1012 4277 1077 4359 ipsa
1102 4276 1233 4339 ecclesia
1261 4276 1317 4338 hac

121 4384 247 4447 Albensi
276 4382 381 4447 frivola
409 4403 497 4447 manu
520 4382 633 4464 jecerit
660 4383 847 4467 semicaper
869 4383 919 4456 id,
944 4384 1022 4468 quod
1045 4384 1144 4467 ipsum
1167 4383 1317 4446 dominum

123 4494 241 4556 Petrum
268 4490 338 4555 talia
362 4492 482 4555 minime
505 4497 679 4562 merentem,
704 4512 772 4555 curn
794 4510 919 4562 summo,
937 4496 968 4555 et
984 4491 1171 4576 irreparabili
1188 4492 1319 4555 omnium
