3150 5092
817 734 995 805 ccxxvlt.

746 902 752 914 ·
796 888 917 942 raao-
930 888 1010 945 rsor.

400 1034 660 1101 Excellentissimo
677 1035 796 1103 domino
812 1056 867 1101 auo
879 1035 1011 1108 dndree,
1028 1035 1086 1099 Dei
1096 1037 1196 1118 gratia
1212 1034 1323 1099 illustri
1339 1036 1409 1117 regi
1424 1035 1507 1099 llun-

308 1142 406 1225 garie,
429 1142 591 1226 capitulum
613 1143 745 1209 ecclesie
766 1142 847 1207 beati
868 1143 1026 1208 Michaelis
1048 1142 1224 1227 archangeli
1240 1142 1461 1227 Trauaylrane,
1478 1149 1509 1207 et

309 1255 474 1315 conventus
502 1250 615 1315 ordinis
639 1251 765 1314 fratrum
794 1251 1013 1335 predicatorum
1038 1250 1187 1315 dedomo
1210 1250 1344 1326 Albensi,
1370 1269 1408 1313 ae
1430 1271 1507 1314 con-

309 1364 417 1423 ventus
434 1358 547 1423 ordinis
564 1360 691 1421 fratrum
708 1358 922 1423 heremitarum
937 1363 1034 1424 sancti
1052 1360 1226 1441 Augustini,
1244 1360 1336 1423 etiam
1357 1360 1399 1423 de
1416 1360 1506 1425 domo

309 1462 442 1534 Albensi,
465 1464 674 1527 inclinationes
691 1471 723 1525 et
739 1466 892 1529 orationes
905 1467 934 1529 iu
952 1466 1071 1530 domiuo
1088 1464 1205 1529 debitas
1228 1485 1263 1529 ac
1279 1464 1416 1529 devotas.
1431 1465 1507 1529 Cum

310 1572 414 1656 populi
436 1574 530 1639 vestri
548 1573 586 1637 de
610 1572 676 1635 villa
693 1573 770 1661 ipen
792 1595 881 1638 causa
904 1575 1056 1639 statuendi
1072 1577 1102 1639 in
1117 1576 1210 1638 uestri
1228 1574 1393 1657 presentia,
1410 1575 1510 1658 privi-

311 1682 391 1765 legia
417 1701 510 1765 super
535 1680 727 1746 libertatibus
755 1684 887 1765 ipsorum
913 1689 1059 1757 emanata,
1083 1703 1139 1767 per
1160 1682 1309 1747 dominum
1331 1682 1509 1747 Ladislaum

310 1788 476 1875 voyrodam
484 1787 702 1870 Trausylranie
715 1789 776 1851 sint
789 1790 881 1861 citati,
894 1789 985 1853 iidem
997 1791 1101 1874 populi
1113 1794 1239 1875 propter
1249 1789 1422 1853 distantiam
1435 1790 1509 1861 loci,

310 1918 346 1963 ec
373 1899 487 1965 viarum
511 1898 696 1971 discrimina,
726 1899 833 1963 eadem
853 1898 1012 1983 privilegia
1028 1920 1130 1963 secum
1153 1899 1274 1964 deferre
1290 1918 1350 1963 non
1366 1920 1509 1983 presum-

313 2011 440 2080 meotes,
454 2026 470 2069 a
484 2005 570 2069 nobis
582 2005 737 2069 humiliter
753 2027 820 2070 cum
837 2027 961 2091 precum
973 2009 1120 2072 instancia
1132 2007 1383 2093 petierunt,quod
1400 2008 1510 2073 eadem

314 2114 469 2197 privilegia
493 2113 620 2176 rescribi
651 2134 704 2177 seu
735 2117 896 2199 exemplari
924 2118 1095 2181 faceremus
1120 2122 1150 2179 et
1177 2115 1232 2179 suh
1256 2115 1370 2178 nostris
1398 2116 1510 2197 sigillis

311 2227 413 2287 nostre
430 2220 578 2301 majestati
600 2225 798 2295 mitteremus,
820 2242 946 2307 quorum
961 2224 1140 2307 populorum
1153 2222 1243 2305 justis
1259 2223 1405 2307 precibus
1417 2225 1510 2289 incli-

311 2331 384 2403 nati,
402 2337 563 2395 memorata
581 2331 740 2413 privilegia
752 2351 810 2393 nou
829 2332 1004 2403 cancellata,
1021 2352 1080 2396 non
1096 2332 1212 2405 abrasa,
1227 2352 1284 2396 uec
1300 2334 1332 2397 in
1344 2334 1444 2419 aliqua
1461 2336 1510 2398 sui

311 2444 397 2523 parta
414 2440 532 2509 viciata,
549 2440 669 2503 Andree
685 2440 838 2511 videlicet,
861 2439 946 2513 Bele,
964 2440 1124 2524 Stephani,
1146 2446 1236 2525 atque
1251 2440 1388 2506 hadislai
1400 2459 1509 2523 regum

311 2546 487 2617 illustrium,
514 2553 682 2611 vestrorum
706 2549 952 2630 progenitorum,
976 2549 1064 2612 modo
1079 2547 1169 2611 simili
1184 2550 1296 2613 restris
1311 2549 1510 2632 privilegiali-

309 2654 366 2719 bus
398 2656 494 2721 literis
526 2661 680 2727 renovata,
709 2654 748 2718 de
776 2654 870 2719 rerbo
895 2656 932 2719 ad
964 2656 1089 2719 verbum
1117 2676 1182 2720 cum
1207 2676 1322 2721 summa
1347 2658 1510 2739 diligentia

310 2764 441 2829 rescribi
458 2765 596 2837 lecimus,
614 2769 645 2827 et
663 2762 857 2846 presentibus
873 2764 976 2836 inseri,
992 2763 1049 2827 sub
1066 2764 1179 2827 nostris
1194 2764 1305 2845 sigillis
1320 2770 1426 2828 vestre
1445 2764 1510 2829 cel·

309 2874 434 2939 situdiui
452 2875 701 2946 transmittentes,
719 2878 750 2935 et
765 2879 897 2937 vestram
913 2872 1102 2952 majestatem
1118 2877 1277 2935 exorantes
1289 2872 1422 2953 genibus
1437 2893 1511 2956 pro-

311 2982 432 3055 volutis,
460 2987 607 3064 quateuus
636 2981 734 3045 dictos
762 2981 891 3065 populos
913 2985 1044 3052 uestros,
1067 2998 1189 3063 semper
1211 3000 1228 3041 a
1250 2980 1313 3042 suis
1328 2982 1510 3063 progenito·
1564 3016 1566 3019 <

311 3089 405 3158 ribus,
423 3090 502 3152 sieut
519 3094 549 3153 et
565 3110 643 3154 nunc
658 3088 869 3160 fidelissimos,
899 3088 938 3151 ob
953 3089 1061 3151 merita
1078 3106 1200 3151 suorum
1216 3086 1348 3150 fidelium
1365 3087 1509 3151 servitio-
1564 3102 1566 3157 ζ

310 3217 385 3271 rum,
408 3216 464 3281 per
487 3198 622 3261 illustres
651 3218 742 3281 reges
768 3198 981 3281 progenitores
1003 3204 1138 3267 vestros,
1167 3215 1223 3277 pre
1245 3196 1357 3259 ceteris
1380 3194 1509 3278 speciali

311 3306 503 3387 prerogativa
525 3307 637 3371 fauoris
659 3306 842 3389 amplexatus
859 3306 889 3367 in
906 3308 969 3368 suis
985 3302 1177 3368 libertatibus
1193 3302 1359 3387 dignemini
1381 3322 1508 3367 conser-

311 3432 392 3487 vare,
410 3432 536 3498 quorum
552 3414 671 3498 quidem
688 3415 914 3498 privilegiorum
930 3412 1007 3477 tales
1023 3418 1094 3475 sunt
1109 3417 1242 3475 tenores.

403 3521 432 3586 1.
446 3521 581 3585 Andreas
597 3523 632 3586 11.
649 3520 807 3587 Freibrief
817 3541 876 3586 ron
888 3520 1019 3593 Xaralso,
1033 3518 1249 3603 Chrapuudorf
1260 3519 1320 3583 und
1332 3519 1442 3592 Rams,
1454 3519 1504 3583 dd.

313 3630 411 3695 1206.
437 3630 469 3695 S.
487 3631 629 3695 Urhuude
645 3631 698 3695 Nr.
716 3630 790 3695 Vlll.
1337 3638 1340 3642 ’

402 3740 433 3803 2.
460 3739 618 3803 ladislaus
635 3740 682 3804 lv.
702 3740 802 3801 Freib.
821 3760 877 3803 vnn
892 3738 991 3801 Xraho
1010 3738 1069 3802 und
1088 3736 1310 3820 Chrapundorl',
1332 3736 1383 3799 dd.
1406 3735 1502 3801 1285.

312 3847 345 3909 S.
365 3846 507 3911 Urhuude
523 3846 575 3909 Nr.
593 3846 745 3911 CXXXIX.

402 3957 433 4017 3.
459 3956 529 4019 liele
547 3955 596 4020 lV.
622 3955 710 4019 Frei-
727 3954 787 4018 und
805 3953 990 4019 Grenzbriel
1007 3973 1065 4017 rou
1082 3952 1179 4015 Xraho
1202 3951 1262 4015 und
1278 3951 1499 4035 Chrapundori,

312 4061 362 4125 dd.
383 4063 480 4127 1237.
507 4064 540 4127 S.
560 4062 701 4128 Urhuude
718 4062 770 4126 Nr.
788 4062 862 4125 LlX.
1105 4058 1108 4063 ’

403 4168 435 4233 4.
460 4170 596 4253 Stephan
629 4169 684 4235 des
714 4170 737 4251 j.
764 4170 879 4252 Xinigs
910 4168 1062 4232 Freibriel
1090 4189 1148 4233 von
1170 4164 1290 4231 Xaraho
1321 4167 1382 4231 aud
1420 4170 1501 4252 lgeu,

313 4278 363 4342 dd.
385 4280 481 4341 1266.
500 4279 532 4342 S.
550 4277 698 4341 Urhuude
714 4278 768 4340 Nr.
785 4278 940 4343 LXXXVI.

404 4387 434 4448 5.
460 4386 617 4449 ladislaus
639 4386 688 4450 Ν.
724 4406 801 4450 neue
830 4385 1016 4466 Schenhuug
1038 4385 1094 4448 der
1114 4390 1196 4448 terra
1220 4382 1377 4465 Gyumurd
1398 4404 1432 4447 au
1454 4382 1504 4445 die

314 4494 449 4576 hospites
466 4494 504 4556 de
521 4493 648 4567 Xaraho,
665 4495 714 4558 dd.
734 4495 831 4559 1289.
850 4494 883 4557 S.
901 4492 1043 4557 Urhuude
1059 4492 1112 4556 Nr.
1131 4491 1218 4555 CLV.
