3150 5092
1219 338 1295 409 207

20 563 26 588 ,
112 513 350 577 commendamus
378 512 488 596 quibus
520 510 641 596 expedit
666 512 829 575 universis:
861 512 937 596 quod
970 512 1087 576 domina
1116 512 1212 576 bnicb
1238 511 1298 575 11116

13 599 27 674 1
110 618 278 685 salamonis
295 620 333 684 de
342 620 528 685 Kerecboulc
538 618 565 706 ¹)
580 618 775 683 considerans
792 618 983 701 fragilitatem
999 621 1139 704 corporis
1155 623 1299 694 661666-

17 751 23 775 r
107 733 199 795 116616
216 730 314 796 morbi
339 729 477 795 tluctibus
502 730 605 802 attriti,
635 735 667 793 ut
688 734 718 792 et
738 728 812 792 illud
829 728 908 814 qood
925 729 1062 792 domiuus
1087 751 1158 794 suus
1173 729 1296 793 maritus

13 831 23 870 ³
106 840 242 905 loannes
258 838 337 903 filius
355 836 436 903 Petri
454 839 492 901 de
508 837 602 901 Fabid
620 838 649 900 in
667 837 814 901 continuis
831 838 941 901 domini
958 838 1055 901 nostri
1076 838 1159 922 regis
1181 840 1298 902 exerci-

106 948 289 1013 tuationibus
308 948 466 1020 distentus,
484 968 500 1012 a
517 947 703 1029 longissimis
717 947 779 1028 jam
796 946 981 1032 temporibus
997 946 1107 1010 absens
1123 947 1296 1019 esset,binc

18 1104 20 1145 3
104 1080 143 1123 ne
158 1062 228 1144 ipsa
246 1060 364 1122 domina
380 1058 484 1131 dnicb,
502 1057 628 1142 ejusque
645 1054 747 1141 proles
769 1057 848 1121 omni
863 1057 972 1139 jurium
997 1076 1117 1120 suorum
1135 1055 1295 1121 defensore

18 1152 23 1199 ³
104 1170 307 1253 privarentur,
331 1186 430 1231 coram
451 1165 536 1229 nobis
559 1165 760 1251 personaliter
782 1168 955 1238 constituta,
980 1167 1046 1229 vive
1062 1166 1145 1229 vocis
1162 1166 1294 1240 oraculo,

103 1300 238 1365 sanaque
263 1300 299 1342 ex
323 1276 548 1345 deliberatione,
575 1274 741 1343 accedente
757 1276 857 1348 etiam,
875 1277 917 1340 uti
935 1277 1080 1367 exposuit,
1099 1282 1293 1358 cognatorum

17 1412 19 1423 2
103 1408 228 1452 suorum
236 1393 337 1451 mutuo
348 1406 484 1460 assensu,
494 1386 679 1451 Valentinum
698 1384 735 1449 de
743 1387 946 1453 Bardaotino
954 1384 983 1472 ²)
993 1386 1180 1450 constituerit
1194 1405 1294 1449 coram

18 1511 21 1517 ·
103 1496 192 1559 nobis
209 1496 375 1579 legitimum
392 1501 628 1581 procuratorem,
646 1501 676 1558 61
692 1494 886 1558 defensorem
903 1494 1296 1566 universarumcausarum,

104 1612 135 1670 et
150 1606 266 1689 jurium
282 1624 412 1677 suorum,
429 1625 559 1669 necnon
577 1604 722 1668 dictarum
740 1604 867 1687 prolium
893 1624 1023 1669 suarum.
1049 1603 1207 1687 Quosuper
1224 1622 1296 1687 pre-

17 1702 18 1707 *
104 1722 210 1780 sentes
228 1712 375 1798 expediri,
393 1734 428 1777 ac
445 1714 504 1778 sibi
522 1712 671 1777 extradari
683 1713 862 1799 supplicavit
874 1712 1059 1776 authenticas
1075 1711 1192 1776 litteras
1207 1712 1295 1775 testi·

18 1804 19 1807 ¹
102 1822 252 1888 moniales
274 1820 367 1905 sigilli
384 1820 479 1884 nostri
495 1819 699 1886 conventualis
722 1821 884 1885 munimine
899 1820 1065 1885 roboratas.
1099 1820 1206 1884 Datum
1218 1821 1295 1884 feria

103 1938 212 2019 quarta
230 1930 367 2017 proxima
383 1934 453 2015 post
470 1931 579 1994 testum
596 1928 652 1993 SS.
671 1931 809 2015 corporis
825 1928 948 1993 Christi.
972 1930 1056 1993 Anno
1073 1929 1183 1995 domini
1199 1929 1296 1993 mille-

15 2036 17 2038 ’
102 2044 180 2107 simo
197 2039 404 2106 ducentesimo
421 2038 616 2122 nonagesimo
632 2044 663 2105 et
679 2045 794 2103 octavo.

634 2243 768 2315 CCXlll.

497 2380 576 2445 1299,
597 2381 640 2436 19.
659 2382 784 2437 Februar.
805 2383 895 2437 0166.

13 2576 18 2585 ‚
193 2504 257 2567 Nos
278 2508 424 2580 Andreas,
448 2508 504 2572 Dei
521 2512 636 2591 gracia,
653 2532 706 2574 rex
722 2510 875 2594 Hungarie
890 2516 950 2575 etc.
967 2511 1171 2595 presentibus,
1184 2510 1291 2596 quibus

15 2688 18 2706 Ἀ
100 2611 235 2695 expedit,
260 2614 463 2698 significamus
482 2616 640 2691 universis,
668 2619 747 2702 quod
766 2640 855 2704 quum
871 2618 1055 2684 venerabilis
1071 2626 1158 2702 pater
1173 2621 1205 2683 P.
1223 2620 1290 2703 epi-

17 2730 18 2735 ’
99 2740 216 2806 666666
233 2722 466 2789 Transsilvaaus
482 2724 518 2791 ad
536 2746 591 2790 nos
608 2727 742 2801 veniens,
759 2747 860 2791 coram
872 2727 1035 2792 baronibus
1052 2729 1165 2792 nostris
1177 2730 1290 2812 impro-

13 2911 15 2923 ᾖ
99 2839 244 2913 perasset
268 2832 306 2896 de
329 2854 383 2907 ec,
404 2834 483 2918 quod
506 2835 647 2919 populum
670 2838 700 2900 in
722 2838 920 2904 Maromoroc
942 2837 1151 2910 constitutum,
1169 2837 1290 2920 episco-

13 2934 15 2969 ¹
99 2943 184 3024 patui
207 2942 347 3025 dgriensi
369 2942 399 3007 16
422 2944 640 3028 spiritualibus,
662 2946 692 3009 in
718 2946 916 3030 prejudicium
938 2946 1071 3011 66616616
1092 2945 1290 3011 Transilvane

13 3046 15 3131 j
101 3047 218 3134 absque
240 3070 330 3115 cause
352 3054 540 3133 coguicione,
569 3052 816 3135 subjecissemus,
841 3062 948 3138 petens
964 3076 981 3117 a
997 3054 1094 3127 nobis,
1107 3061 1140 3117 ut
1154 3056 1234 3119 sicut
1251 3056 1290 3117 de

14 3150 15 3225 Ξ
98 3158 182 3222 16616
200 3160 349 3242 prooessit
366 3160 406 3225 ita
423 3161 461 3226 de
478 3163 556 3227 sacto
574 3184 786 3229 revocaremus
793 3184 803 3237 ;
826 3185 862 3229 eo
879 3166 960 3249 quod
974 3164 1143 3247 hujusmodi
1159 3165 1289 3228 alterca-

14 3258 15 3291 1
99 3266 197 3331 616616
224 3288 314 3333 66666
331 3269 470 3351 cognicio
487 3271 525 3337 de
542 3273 679 3337 terminis
696 3280 727 3339 et
741 3273 884 3339 limitibus
901 3275 1075 3359 dyecesium
1093 3279 1205 3345 exorta,
1230 3294 1289 3336 non

103 3375 142 3439 ad
160 3396 225 3450 nos,
242 3378 297 3442 sed
313 3378 350 3443 ad
366 3381 612 3463 metropolitanos
629 3381 744 3447 deferri
765 3383 893 3449 deberet
899 3405 910 3457 ;
932 3384 1118 3468 propositum
1134 3380 1220 3447 nobis
1235 3381 1291 3448 suit

99 3486 139 3549 de
165 3487 292 3552 consilio
315 3488 554 3553 consiliariorum
575 3491 718 3555 baronum
734 3498 915 3565 nostrorum,
938 3498 971 3557 ut
987 3490 1151 3563 licentiam,
1167 3490 1286 3555 domino

98 3595 246 3679 episcopo
262 3596 405 3675 dgriensi
421 3598 459 3661 ad
476 3598 652 3681 capiendam
664 3597 906 3681 jurisdictionem
923 3601 954 3664 16
978 3609 1060 3663 terra
1080 3598 1217 3682 predicta
1233 3618 1289 3682 per

98 3723 154 3767 nos
182 3702 291 3777 datam,
319 3705 520 3770 mediantibus
547 3705 656 3770 litteris
679 3709 791 3772 nostris
814 3713 845 3771 et
867 3709 974 3772 nuncio
997 3726 1216 3771 revocaremus.
1241 3707 1286 3772 nd

99 3812 169 3885 hec,
195 3817 228 3876 ut
248 3812 340 3877 iidem
365 3814 474 3878 domini
497 3816 633 3900 episcopi
649 3815 688 3880 de
703 3818 841 3881 terminis
857 3839 979 3882 suarum
995 3817 1169 3900 dyeeesium
1185 3837 1287 3881 coram

100 3920 164 3984 suis
182 3922 388 4006 superioribus
405 3924 621 4007 experrientur.
649 3924 839 3991 Postmodum
856 3927 979 4013 (Unde)
997 3947 1085 4012 quum
1102 3926 1288 3991 Lulacbium

95 4029 321 4117 presbyterum,
339 4033 525 4118 capellanum
541 4041 674 4099 nostrum
691 4034 821 4109 fidelem,
844 4036 882 4100 ad
900 4036 1110 4100 notificandum
1127 4036 1165 4099 de
1182 4036 1287 4118 hujus-

98 4140 180 4205 modi
197 4142 391 4208 revocatione
407 4144 494 4207 simul
511 4163 577 4208 cum
594 4144 702 4209 litteris
720 4145 832 4209 nostris
848 4146 1051 4218 misissemus;
1067 4143 1157 4216 idem,
1175 4145 1212 4207 ad
1230 4164 1285 4208 nos

129 4450 153 4508 ¹)
171 4452 287 4498 Kiskereb
303 4450 333 4495 im
350 4451 590 4511 unterwcissenhurg.
609 4416 692 4497 comit.

127 4534 153 4595 ²)
170 4531 277 4581 Borbdnd
295 4535 416 4581 abendort.
