3150 5092
589 397 689 470 52

583 579 1011 645 monstrarunt,
1047 571 1206 655 quod
1244 594 1419 657 quum
1454 573 1894 648 carissimusin
1932 571 2171 635 Christo
2229 568 2383 659 filius
2433 573 2637 633 noster
2681 568 2993 638 AndreaS,

584 679 848 760 Ungarie
903 698 1010 741 rex
1069 679 1358 753 illustriS,
1417 701 1625 744 eorum
1679 681 1880 744 domui
1926 683 2149 740 terram
2204 679 2410 742 Borze
2459 678 2559 758 pia
2613 675 2997 738 liberalitate

583 787 891 857 donasset,
952 788 1111 850 sicut
1166 791 1224 852 in
1281 791 1473 872 ipsius
1532 788 1874 872 privilegio,
1921 806 2102 851 aurea
2146 785 2308 848 bulla
2340 785 2583 854 munito,
2616 785 2799 867 plene
2838 803 2998 846 con-

585 896 889 978 speximus
948 896 1264 967 contineri,
1320 896 1439 979 ipsi
1474 916 1584 977 pro
1621 894 1876 960 colenda
1935 899 1996 957 et
2048 891 2365 955 munienda
2403 899 2565 955 terra
2600 890 2840 961 eadem,
2877 909 2998 972 per

585 1022 757 1086 quam
791 1000 1073 1064 Cumanis
1106 1022 1356 1084 regnum
1393 1004 1699 1083 Hungarie
1732 1001 2142 1084 multipliciter
2165 997 2655 1082 perturbantibus
2688 998 2995 1082 frequens

584 1110 863 1174 introitus
899 1115 959 1173 et
992 1111 1185 1173 exitus
1219 1111 1574 1183 habebatur,
1613 1131 1988 1174 numerosam
2035 1109 2350 1191 pecuniam
2387 1106 2842 1189 expenderent,
2905 1104 2996 1166 ibi

585 1237 719 1280 cum
755 1218 938 1281 multo
971 1217 1180 1281 labore
1243 1223 1304 1280 et
1356 1219 1589 1300 proprii
1645 1217 1943 1281 effusione
1999 1216 2231 1279 cruoris
2267 1215 2529 1299 quinque
2563 1217 2765 1276 castra
2800 1212 2993 1273 fortia

585 1323 1010 1388 construendo.
1050 1324 1173 1387 Sed
1205 1325 1351 1389 licet
1381 1325 1541 1387 idem
1572 1345 1679 1388 rex
1713 1326 1801 1388 eis
1836 1329 2059 1386 terram
2094 1322 2445 1386 abstulisset
2476 1322 2748 1392 eandem,
2781 1321 2994 1400 ipsam

581 1434 824 1496 tandem
872 1432 1169 1502 restituit,
1217 1438 1282 1495 ut
1317 1432 1612 1504 debebat;
1661 1432 1800 1515 quin
1848 1431 2024 1493 etiam
2061 1451 2170 1513 pro
2207 1431 2770 1513 recompensatione
2808 1428 2994 1490 dam-

582 1559 789 1602 norum
833 1539 984 1626 ipsis
1031 1539 1183 1601 ultra
1238 1544 1469 1603 montes
1517 1539 1737 1601 nivium
1794 1543 2024 1620 partem
2083 1536 2338 1601 contulit
2380 1536 2686 1599 Cumanie.
2748 1535 2814 1597 ln
2867 1553 2993 1616 qua

578 1667 760 1731 quum
793 1646 938 1710 dicti
963 1648 1252 1728 magister
1286 1653 1346 1709 et
1377 1647 1601 1709 fratres
1650 1650 1913 1710 castrum
1947 1638 2402 1706 munitissimum
2461 1644 2983 1713 construxissent,

583 1753 829 1817 Cumani
884 1754 1197 1836 perterriti
1252 1758 1314 1817 et
1360 1753 1672 1826 dolentes,
1737 1752 2031 1816 ademtam
2080 1750 2196 1814 sibi
2227 1753 2546 1831 ingressus
2581 1755 2645 1814 et
2676 1770 2982 1831 egressus

585 1861 952 1932 facultatem,
1019 1867 1392 1943 congregata
1447 1862 1684 1944 ingenti
1739 1859 2115 1922 multitudine
2161 1856 2539 1930 bellatorum,
2574 1859 2795 1921 fratres
2834 1857 2993 1921 inibi

585 1973 1024 2032 cunimurantes
1092 1968 1392 2033 hostiliter
1447 1969 1729 2050 aggressi
1785 1969 2054 2039 fuerunt,
2128 1966 2239 2030 sed
2298 1967 2552 2029 Domino
2608 1964 2991 2048 propitiante

589 2076 839 2147 deviati,
906 2077 1160 2150 confusi,
1209 2083 1271 2140 et
1313 2077 1559 2141 reveriti
1604 2075 2003 2145 destiterunt3
2050 2076 2187 2156 quin
2235 2074 2414 2137 etiam
2447 2073 2685 2157 quidam
2722 2094 2797 2136 ex
2830 2072 2988 2142 illis,

585 2184 769 2248 dictis
825 2183 1106 2247 fratribus
1151 2204 1219 2247 se
1263 2185 1630 2255 reddentes,
1680 2202 1812 2245 cum
1860 2181 2143 2245 uxoribus
2176 2185 2239 2244 et
2272 2180 2537 2264 parvulis
2586 2180 2659 2242 ad
2692 2179 2986 2262 baptismi

585 2292 836 2372 gratiam
891 2291 1295 2355 convolarunt.
1358 2295 1432 2356 At
1494 2312 1597 2355 rex
1660 2290 2009 2374 predictus,
2077 2295 2298 2352 terram
2354 2290 2545 2371 ipsam
2598 2288 2987 2369 ingredienS‚

581 2396 917 2481 cultamque
949 2399 1351 2481 perspiciens,
1407 2400 1626 2462 fratres
1685 2398 1760 2460 de
1813 2406 1997 2469 terra,
2049 2397 2137 2459 eis
2182 2416 2296 2479 per
2326 2396 2537 2459 sedem
2581 2396 2979 2477 apostolicam

585 2508 956 2576 confirmata,
1015 2508 1077 2567 et
1107 2505 1219 2568 sub
1255 2506 1383 2568 eius
1417 2508 1798 2588 protectione
1832 2509 2135 2587 suscepta,
2194 2503 2423 2586 expulit
2476 2503 2796 2574 violenter,
2858 2523 2982 2564 non

581 2612 805 2696 absque
838 2612 1104 2674 Romane
1139 2610 1406 2675 ecclesie
1441 2601 1655 2676 iniuria
1682 2614 2029 2685 manifesta;
2067 2631 2246 2695 quum
2272 2611 2482 2674 eadem
2514 2615 2680 2673 terra
2713 2608 2978 2682 nullum,

581 2728 785 2800 preter
830 2720 1155 2783 Romanum
1203 2719 1550 2803 pontificem
1598 2720 1831 2783 habens
1880 2720 2233 2803 episcopum
2278 2717 2374 2781 vel
2409 2717 2727 2801 prelatum,
2776 2717 2984 2780 eidem

581 2828 848 2888 aceles-ie
906 2828 1206 2891 censualis
1251 2829 1486 2891 existat.
1536 2828 1614 2889 Et
1655 2829 1926 2912 quamvis
1970 2827 2073 2909 pie
2099 2827 2395 2897 ‚memorie
2430 2825 2500 2887 H.
2535 2845 2713 2908 papa,
2749 2826 2987 2907 prede-

581 2956 793 2996 cessor
844 2940 1088 3006 noster,
1156 2928 1227 2999 ac
1284 2955 1391 2997 nos
1437 2933 1817 3017 postmodum
1851 2935 2078 3016 pluries
2125 2932 2400 3017 predicto
2432 2933 2567 3013 regi
2599 2932 2977 2994 affectuosas

581 3064 797 3124 preces
846 3026 915 3104 'et
965 3042 1186 3103 monita
1249 3040 1559 3122 diligentia
1618 3042 2034 3112 direxerimuS,
2086 3045 2150 3103 ut
2193 3042 2281 3103 eis
2314 3038 2651 3101 liberaliter
2683 3036 2985 3100 redderet

581 3156 801 3212 terram
856 3142 1068 3230 ipsam,
1128 3168 1500 3232 nequaquam
1552 3155 1749 3213 tamen
1803 3149 2021 3212 fuimus
2059 3147 2317 3212 exauditi
2333 3167 2351 3219 ;
2399 3147 2540 3230 quin
2575 3147 2777 3228 potius
2811 3145 2983 3208 idem

581 3256 868 3336 magister
924 3256 998 3318 ad
1053 3256 1417 3337 presentiam
1481 3257 1648 3338 regis
1702 3257 1762 3320 in
1819 3275 1930 3337 spe
1976 3259 2257 3325 vocatuS,
2304 3252 2606 3316 accedens
2653 3254 2984 3316 frustratus

589 3364 785 3432 rediit,
836 3361 1037 3425 multis
1083 3363 1368 3442 fatigatus
1403 3362 1710 3426 laboribus
1746 3367 1807 3425 et
1838 3363 2141 3445 expensis,
2178 3361 2325 3424 alias
2360 3361 2535 3423 domo
2583 3380 2691 3422 sua
2723 3364 2987 3442 propter

585 3472 701 3532 hue
733 3469 933 3532 attrita
968 3470 1152 3532 variis
1211 3475 1274 3532 et
1320 3471 1663 3534 enormibus
1697 3469 2088 3532 detrimentis.
2152 3469 2349 3550 Quare
2393 3469 2556 3531 idem
2589 3468 2888 3549 magister
2924 3472 2987 3529 et

585 3580 805 3640 fratres
864 3577 1223 3661 suppliciter
1265 3578 1631 3656 flagitarunt,
1687 3583 1771 3646 ut,
1827 3595 1958 3639 cum
1992 3597 2117 3648 rex,
2152 3577 2441 3640 seductus
2476 3575 2984 3656 suggestionibus

589 3684 1001 3764 malignorum,
1059 3683 1444 3747 inexorabilis
1499 3684 1800 3756 videatur,
1868 3683 2012 3745 nihil
2047 3683 2205 3745 aliud
2238 3701 2615 3755 asseverans,
2668 3682 2785 3744 uisi
2819 3681 2986 3764 quod

585 3791 883 3852 restitutio
918 3792 1109 3873 ipsius
1143 3797 1311 3854 terre
1344 3810 1453 3874 pro
1489 3812 1587 3863 e0‚
1623 3791 1780 3875 quod
1816 3809 2029 3869 magna
2064 3793 2177 3860 est,
2211 3789 2336 3852 suis
2370 3789 2509 3851 filiis
2545 3795 2607 3852 et
2650 3787 2983 3851 baronibus

585 3896 960 3980 displiceret,
1017 3900 1360 3962 faceremus
1416 3898 1532 3961 sibi
1587 3899 1868 3961 iustitiam
1914 3895 2220 3960 exhibere.
2293 3896 2385 3958 Ne
2429 3896 2615 3976 igitur
2668 3894 2981 3957 videamur

585 4008 828 4068 deferre
860 4005 1083 4068 homini
1119 4011 1323 4070 contra
1355 4006 1566 4077 Deum,
1604 4007 1698 4067 eui
1732 4010 1828 4068 est
1860 4010 2066 4069 contra
2120 4024 2327 4066 omnes
2375 4003 2647 4066 homines
2697 4002 2986 4065 deferen-

585 4112 757 4184 dum,
821 4112 1172 4176 discretioni
1220 4118 1352 4184 tue,
1412 4112 1489 4174 de
1537 4112 1707 4176 cuius
1758 4112 2299 4194 circumspectione
2347 4109 2585 4194 plenam
2629 4111 2690 4172 in
2737 4109 2981 4172 domino

585 4220 862 4284 fiduciam
889 4219 1250 4291 obtinemuS,
1272 4240 1383 4302 per
1401 4220 1730 4301 apostoliea
1755 4219 1979 4300 scripta
2005 4219 2370 4292 mandamuS,
2397 4221 2693 4300 quatenus
2722 4216 2981 4279 eundem

585 4348 828 4408 regem,
887 4333 948 4390 et
990 4327 1227 4399 Belam,
1288 4327 1468 4388 filium
1518 4327 1679 4398 eius,
1737 4332 1803 4390 ut
1849 4325 2357 4408 conquerentibus
2408 4324 2727 4386 restituant
2757 4329 2982 4386 terram

581 4436 805 4516 ipsam,
853 4435 929 4498 de
963 4434 1192 4496 damnis
1225 4433 1405 4496 illatis
1441 4439 1503 4496 et
1535 4433 1821 4512 irrogatis
1855 4433 2088 4495 iniuriis
2124 4432 2599 4496 satisfactionem
2651 4451 2979 4512 congruam

585 4541 1008 4624 impendendo,
1069 4541 1399 4624 prudenter
1432 4539 1770 4602 efficaciter
1800 4560 2042 4604 moneas
2090 4545 2153 4603 et
2196 4539 2472 4602 inducas.
2525 4538 2700 4620 Quod
2735 4540 2789 4601 si
2822 4540 2982 4601 forte
