3150 5092
1208 312 1283 383 123

13 473 17 482 ¹
74 491 252 550 aratrorum
272 486 331 573 (..)
344 489 462 552 remisit
489 493 519 553 et
542 488 665 572 reliquit
687 491 831 571 magistro
854 488 971 572 Ugrino
993 491 1025 549 et
1052 485 1195 573 fratribus
1220 488 1285 549 suis

13 601 14 604 ’
76 595 273 676 supradictis
307 597 452 677 quandam
484 595 660 680 particulam
693 602 775 660 terre
807 597 894 659 metis
924 596 1125 677 infrascriptis
1157 595 1284 656 distinc-

73 705 139 764 tam
166 724 183 765 a
210 707 297 786 parte
314 708 396 766 terre
413 702 576 766 eorundem
593 701 716 766 Gerend
733 708 903 787 nuncupate
924 708 955 766 et
971 723 1030 786 que
1054 702 1182 786 quedam
1198 706 1280 764 terra

74 807 211 872 Gerend
238 814 344 873 uocata
373 810 501 874 tiliorum
528 811 658 893 predicti
688 812 807 874 comitis
834 810 952 875 Baarch
974 831 991 873 a
1013 812 1104 872 terris
1136 809 1284 893 sepedicti

74 915 196 979 domini
214 917 351 1000 episcopi
368 918 404 980 ad
421 918 521 981 villam
537 917 764 1004 Baratpyspuhy
780 918 1000 1003 pertinentibus
1022 917 1190 980 nolentibus
1207 936 1281 978 con-

72 1021 258 1087 ficientibus
274 1028 306 1086 et
322 1025 488 1088 efficaciter
505 1025 756 1109 approbantibus,
782 1026 830 1089 bis
846 1026 934 1087 metis
950 1024 1036 1087 nouis
1057 1030 1088 1086 et
1104 1024 1283 1106 quibusdam

72 1132 214 1215 antiquis
231 1131 290 1194 hoc
306 1131 411 1194 ordine
427 1138 601 1215 separator,
619 1133 764 1198 uidelicet
779 1155 816 1198 ex
835 1132 956 1216 publica
974 1132 1023 1194 uia
1044 1152 1061 1193 a
1082 1131 1152 1195 villa
1174 1131 1280 1192 barat·

71 1237 226 1320 pyspuhy
241 1239 272 1300 in
288 1237 388 1302 villam
404 1240 503 1304 Almas
522 1240 667 1304 directam
689 1262 705 1303 a
721 1247 807 1324 parte
823 1239 1013 1304 meridionali
1028 1244 1098 1303 sunt
1116 1243 1179 1301 tres
1198 1242 1278 1300 mete

70 1345 229 1428 capitales
255 1366 364 1428 magne
386 1352 416 1412 el
440 1349 559 1431 antique
575 1368 650 1432 quas
666 1355 794 1432 propter
816 1348 862 1411 sui
884 1348 1043 1410 euidenter
1069 1347 1279 1430 apparenciam

73 1471 138 1514 non
157 1453 217 1516 fuit
233 1472 361 1518 necesse
377 1457 528 1527 renouari,
546 1476 604 1537 que
621 1456 810 1538 distinguunt
825 1462 856 1518 et
872 1461 1014 1539 separant
1028 1458 1126 1518 terras
1134 1456 1283 1536 Bngomer

72 1559 208 1624 Gerend
231 1567 262 1623 et
283 1561 512 1646 baratpyspolry
534 1568 734 1646 nuncupatas,
758 1563 868 1627 dehine
896 1562 993 1627 tendit
1018 1582 1126 1626 uersus
1161 1561 1281 1644 plagam

74 1668 352 1751 septentrionalem
369 1668 420 1732 ubi
436 1669 514 1732 iuxta
530 1670 678 1754 quandam
691 1670 839 1754 antiquam
854 1675 961 1734 metam
976 1678 1078 1754 partes
1091 1669 1229 1752 predicte
1240 1705 1280 1714 —

74 1811 124 1821 —
146 1775 259 1839 abhinc
291 1777 389 1857 uergit
412 1777 548 1840 similiter
571 1797 678 1841 uersus
700 1780 947 1862 septemtrionem
971 1780 1001 1841 in
1024 1778 1091 1840 loeo
1117 1775 1282 1858 campestri

75 1881 107 1942 in
139 1885 328 1964 competenti
355 1884 458 1966 spacio
485 1920 530 1931 -
555 1922 598 1932 -—
626 1889 702 1948 meta
724 1905 818 1959 noua,
842 1886 950 1950 exinde
971 1886 1068 1949 tendit
1091 1884 1229 1947 similiter
1244 1880 1282 1943 ad

79 1991 335 2073 septemtrionem
358 1993 438 2054 iuxta
455 1992 560 2054 siluam
580 1992 703 2056 Gerend
720 1993 750 2055 in
766 1994 871 2076 spacio
892 1993 1087 2072 longitudinis
1105 2029 1148 2038 -
1163 1989 1282 2073 jugeris

77 2117 117 2160 ac
134 2135 183 2144 -
199 2097 236 2161 ab
252 2098 303 2161 illa
329 2100 405 2161 silua
422 2105 490 2163 sunt
506 2099 565 2162 dne
583 2105 661 2162 mete
678 2119 764 2163 noue.
791 2100 907 2163 Deinde
931 2099 1068 2163 similiter
1094 2102 1126 2162 in
1147 2103 1282 2182 septem-

75 2205 211 2267 trionem
229 2204 278 2269 obl
300 2243 345 2254 -·
367 2227 400 2270 se
425 2206 462 2269 ab
478 2205 528 2270 illa
552 2208 626 2270 silua
650 2207 730 2270 iuxta
758 2207 907 2292 quendam
931 2208 1038 2271 collem
1057 2244 1102 2255 —
1118 2227 1175 2269 una
1201 2210 1280 2268 meta

77 2332 170 2376 noua.
195 2313 270 2377 ltem
287 2314 394 2378 exinde
409 2351 452 2362 -
472 2320 570 2378 terras
587 2314 716 2378 arabiles
734 2319 765 2378 et
787 2318 871 2379 uenit
891 2353 934 2363 —
958 2353 999 2364 -
1023 2317 1151 2378 similem
1167 2313 1280 2385 teneto,

76 2420 130 2484 vbi
147 2420 207 2484 sub
224 2441 282 2484 una
298 2442 389 2505 parra
405 2423 473 2506 piro
489 2427 559 2487 sunt
575 2423 634 2486 due
651 2429 729 2488 mete
745 2442 834 2496 noue,
849 2428 916 2506 post
931 2423 990 2488 bec
1006 2423 1117 2487 transit
1132 2420 1280 2504 quendam

77 2527 223 2610 paludem
243 2565 283 2576 -
307 2535 444 2593 uocatam
474 2532 502 2592 in
532 2532 616 2593 cuius
644 2531 743 2596 medio
768 2537 838 2595 sunt
860 2535 996 2595 comunia
1019 2531 1069 2618 (l)
1093 2535 1124 2593 et
1139 2529 1224 2593 uenit
1241 2527 1279 2590 ad

75 2635 232 2718 quendam
249 2635 346 2700 locum
359 2637 542 2700 -similem
558 2640 671 2701 teneto.
689 2637 837 2702 Similiter
854 2659 962 2702 uersus
979 2639 1217 2722 septentrionem
1230 2634 1282 2697 ubi

78 2750 131 2804 est
162 2761 223 2804 una
254 2747 331 2805 meta
354 2762 432 2806 noua
453 2763 511 2826 que
529 2763 631 2807 omnes
656 2749 737 2807 mete
767 2765 847 2808 noue
875 2752 1017 2827 separant
1044 2742 1141 2808 solum
1169 2746 1280 2803 terram

79 2848 208 2912 Gerend
226 2871 242 2912 a
258 2854 340 2912 terra
356 2852 588 2934 Baratpyspuhy
603 2857 772 2936 prenotata.
800 2853 916 2915 Abhinc
934 2859 1074 2935 preterea
1092 2852 1187 2914 eciam
1210 2871 1283 2933 pro-

78 2957 229 3036 grediens
256 2978 364 3021 uersus
397 2961 646 3040 septemtrionem
672 2959 769 3022 tendit
797 2965 828 3022 et
851 2961 998 3042 pertingit
1025 2960 1063 3022 ad
1095 2960 1184 3023 tinem
1207 2958 1284 3020 silue

79 3063 214 3134 Chaslo,
236 3064 287 3126 nbi
312 3064 553 3148 subsequendam
570 3102 613 3113 —
629 3102 673 3112 —-
690 3073 769 3128 mete
794 3067 915 3151 antique
937 3086 996 3151 que
1018 3067 1229 3131 disterminant
1252 3070 1283 3127 et

79 3173 274 3252 distinguunt
289 3171 326 3234 ab
338 3173 467 3235 inuicem
483 3178 582 3235 terras
598 3173 711 3245 Kener,
728 3171 848 3244 choslo,
866 3173 989 3236 Gerend
1006 3179 1037 3236 et
1053 3171 1282 3257 Baratpyspuhy

79 3284 271 3361 nuncupatas
288 3284 319 3342 et
334 3278 417 3342 illinc
435 3299 540 3342 cursus
558 3280 760 3361 predictarum
778 3285 922 3343 metarum
938 3281 1125 3343 terminatur.
1146 3281 1178 3343 ln
1195 3280 1280 3342 cuius

78 3388 128 3448 rei
143 3385 318 3448 memoriam
336 3390 366 3448 et
383 3386 427 3448 rei
442 3391 530 3468 geste
547 3385 639 3450 robur
656 3388 873 3468 sempiternum
890 3392 1052 3470 presentes
1075 3389 1281 3450 concessimus

77 3492 176 3572 sigilli
192 3495 288 3555 nostri
305 3494 465 3557 munimine
477 3494 645 3556 roboratas.
663 3492 771 3556 Datum
789 3515 865 3558 anno
883 3495 995 3558 domini
1008 3496 1062 3558 Μ’).
1081 3493 1154 3557 00⁰.
1172 3497 1279 3557 octua-

79 3601 200 3681 gesimo
228 3603 336 3684 primo,
364 3603 440 3664 feria
469 3602 602 3665 secunda
632 3602 765 3683 proxima
789 3607 858 3684 post
880 3603 987 3665 festum
1012 3603 1159 3665 adventus
1183 3602 1281 3664 sancti

77 3708 240 3772 Michaelis
252 3709 436 3790 archangeli,
446 3709 564 3772 domino
574 3710 668 3773 Botur
680 3711 847 3793 preposito,
858 3711 997 3774 Emerico
1011 3711 1133 3781 lectore,
1141 3709 1278 3772 lohanne

79 3818 217 3880 cantore.
243 3816 406 3880 Benedicto
424 3817 550 3881 custode
568 3817 722 3898 magistris
740 3817 948 3881 existentibus.

624 4001 760 4071 cxxix.

642 4137 723 4190 rasi.

173 4242 341 4316 Elisabeth,
351 4243 408 4306 Dei
424 4243 539 4324 gracia,
556 4245 664 4324 regina
680 4245 827 4325 Ungarie,
841 4247 992 4310 universis
1006 4244 1120 4308 christi
1138 4243 1278 4307 fidelibus

79 4354 256 4434 presentem
283 4352 423 4433 paginam
450 4351 648 4434 inspecturis,
676 4353 804 4444 salutem
833 4355 863 4415 in
888 4355 1018 4416 omnium
1046 4353 1207 4415 salvatore.
1232 4351 1278 4412 Ad

80 4459 292 4523 universorum
322 4458 456 4521 notitiam
480 4459 584 4522 harum
606 4459 687 4524 serie
715 4460 852 4523 volumus
876 4463 1054 4541 pervenire,
1080 4459 1159 4542 quod
1182 4458 1278 4522 irater
