3150 5092
1239 363 1286 433 ot

94 533 233 617 episcopi
253 529 345 617 super
358 535 535 598 executione
555 535 674 616 prefate
693 535 844 598 sententie
859 534 976 597 litteras
1000 535 1181 617 apostolicas
1195 539 1292 621 impe·

91 647 194 704 trantc
208 640 339 705 dilectus
356 641 436 706 lilius
453 641 627 706 Riobwinus
645 641 777 706 ecclesie
793 660 916 703 romane
936 642 1080 723 syndicus
1093 645 1123 706 in
1141 644 1292 708 audientia

92 748 216 832 publica
234 750 427 823 contradixit,
440 750 548 833 quibus
563 749 705 812 dilectum
717 749 810 812 lilium
824 754 958 812 nostrum
973 750 1008 812 0.
1019 751 1117 814 sancti
1132 752 1249 815 Nicolai
1261 754 1291 816 in

93 857 533 921 carcereTullianodiaconurn
544 859 725 920 cardinalem
737 856 902 920 auditorem
911 856 1047 920 duximus
1056 860 1291 933 eoncedendum,

93 983 197 1028 eoram
219 984 290 1048 quo,
313 964 374 1045 jam
397 965 476 1028 dicto
493 964 705 1028 archidiacono
726 970 859 1047 petente,
883 965 1053 1028 executioni
1069 969 1204 1031 mandari
1219 989 1291 1032 sen·

90 1073 218 1135 tentiam
243 1072 444 1153 supradictam
474 1075 504 1133 et
540 1073 646 1135 codem
675 1072 803 1156 syndico
832 1072 1052 1154 respondente,
1084 1076 1290 1140 executionem

91 1177 268 1261 hujusmodi
292 1178 359 1241 beri
380 1198 437 1241 non
461 1178 574 1242 debera
597 1198 665 1241 eum
687 1179 717 1241 id
743 1179 772 1240 in
798 1199 921 1243 romane
942 1181 1075 1244 ecclesie
1091 1182 1289 1266 prejudicium

90 1287 289 1363 redundaret,
306 1307 365 1372 que
381 1288 410 1349 in
426 1287 642 1370 premissorum
657 1287 704 1350 vel
722 1289 806 1370 quasi
823 1288 1018 1371 possessione
1035 1292 1179 1361 constitit,
1202 1297 1292 1374 prout

91 1416 127 1458 se
143 1395 254 1459 obtulit
266 1395 472 1478 probaturum,
480 1415 539 1480 que
556 1395 652 1457 omnia
670 1395 748 1458 idern
766 1395 925 1458 cardinalis
936 1397 1023 1460 uobis
1040 1397 1172 1460 fideliter
1188 1399 1291 1463 retulit

92 1509 123 1566 et
139 1504 319 1586 prudenter,
348 1505 416 1586 quia
442 1523 535 1585 super
563 1503 621 1566 boc
649 1504 728 1586 apud
757 1503 862 1567 sedem
883 1504 1080 1587 apostolicam
1097 1525 1157 1568 non
1173 1511 1292 1588 poterat

89 1610 159 1674 lieri
177 1612 338 1683 certitudo,
355 1612 536 1674 fraternitati
553 1614 605 1673 tue
621 1631 676 1693 per
693 1611 858 1693 apostolica
875 1613 989 1693 scripta
1010 1612 1192 1685 mandamus,
1214 1633 1289 1696 qua-

88 1723 181 1782 tenus
207 1719 343 1801 partibus
371 1721 542 1782 convocatis
571 1724 602 1781 et
629 1720 763 1801 receptis
790 1717 1027 1803 probationibus,
1051 1739 1126 1803 quas
1143 1739 1242 1784 coram
1259 1726 1291 1784 te

88 1827 265 1910 producere
281 1832 384 1910 partes
401 1827 565 1897 voluerint,
582 1831 640 1888 tam
660 1875 667 1888 .
686 1874 692 1888 .
713 1827 910 1910 principali,
929 1845 1018 1910 quam
1034 1846 1126 1910 super
1142 1827 1290 1910 reproba-

87 1937 174 1998 tione
191 1935 326 2005 testium‚
344 1934 371 1996 si
388 1954 462 2017 quos
476 1934 618 1996 alterutra
634 1934 765 2016 partium
781 1934 916 2015 legitime
938 1935 1057 1998 duxerit
1080 1935 1289 2018 reprobandos

88 2047 121 2104 et
145 2043 257 2104 auditis
280 2041 352 2104 binc
374 2042 444 2105 inde
465 2041 647 2125 propositis,
678 2061 800 2104 causam
828 2041 1018 2105 sufficienter
1047 2042 1224 2106 instructam
1251 2044 1289 2106 ad

89 2150 291 2233 apostolicum
314 2149 451 2212 remittas
479 2169 618 2221 examen,
644 2149 802 2232 prefigens
829 2149 943 2212 eisdem
970 2149 1289 2233 partibus-terminum

88 2259 319 2342 peremtorium,
333 2260 441 2321 testum
455 2257 597 2321 videlicet
611 2257 808 2321 bblicbaelis
824 2259 959 2341 proxime
975 2262 1143 2331 ventorum,
1160 2280 1218 2344 quo
1233 2281 1291 2344 per

90 2387 125 2429 se
142 2367 194 2429 vel
211 2371 424 2448 procuratores
440 2366 576 2448 ydoneos
594 2385 660 2428 curn
678 2366 867 2428 munimentis
890 2371 922 2428 et
943 2366 1109 2430 rationibus
1125 2370 1190 2430 suis
1206 2388 1288 2431 com-

88 2478 221 2556 pareant
244 2493 345 2537 coram
369 2465 470 2543 nobis,
490 2473 602 2555 justam
626 2479 751 2536 auctore
775 2473 894 2536 domino
916 2477 1094 2538 sententiam
1117 2481 1288 2558 receptore.

88 2584 200 2646 Datum
217 2581 345 2646 Viterbii
362 2582 400 2647 Vl
411 2581 477 2645 idus
495 2579 642 2646 Novemb.
660 2603 736 2646 anno
755 2603 842 2645 nono.

649 2768 730 2837 LIX.

474 2903 557 2964 racc,
575 2903 620 2954 rr.
640 2901 767 2955 sacrun.
787 2879 910 2956 arura?

183 3011 268 3082 Belo,
293 3009 349 3072 Dei
375 3011 474 3090 gratia
492 3011 665 3092 Hungarie,
691 3011 850 3083 Dalmatie,
873 3009 1033 3082 Croacbie,
1050 3013 1153 3084 Rome,
1171 3011 1289 3084 Servio,

87 3119 291 3190 bodomarie‚
321 3117 521 3200 Comanieque
550 3139 613 3182 rex.
650 3118 796 3181 Omnibus
822 3118 936 3181 Christi
960 3119 1100 3184 fidelibus
1128 3125 1288 3203 presentes

86 3226 196 3288 literas
220 3224 413 3305 inspecturis,
432 3225 557 3286 salutem
582 3225 611 3285 in
627 3244 700 3287 vero
719 3223 879 3287 salvatore.
919 3223 1036 3305 Quanto
1053 3226 1164 3306 regalis
1183 3226 1287 3289 excel-

90 3333 185 3396 lentie
216 3331 386 3393 sublimitas
408 3351 424 3392 a
443 3331 507 3393 Deo
527 3331 800 3394 misericordiarum
817 3332 900 3394 tonte
917 3333 983 3415 plus
1001 3332 1161 3415 accepisse
1177 3333 1287 3414 digno·

90 3443 198 3510 scitur,
228 3445 310 3502 tauto
337 3439 367 3500 in
395 3437 540 3518 subjectis
573 3438 788 3519 benignitatem
818 3459 961 3502 exercere
989 3439 1081 3503 debet
1102 3440 1289 3524 ampliorem,

90 3549 207 3612 firmam
235 3566 320 3628 spem
345 3546 545 3628 fiduciamque
560 3565 673 3626 gerens
690 3547 794 3609 eadem
815 3566 966 3618 mensura,
983 3567 1040 3631 qua
1056 3547 1214 3630 impendit,
1230 3549 1287 3610 sibi

90 3654 239 3719 remetiri.
277 3653 353 3716 Hinc
382 3657 443 3724 est,
479 3654 558 3737 quod
582 3654 620 3716 ad
652 3656 858 3716 universorum
882 3690 927 3700 -
948 3688 992 3701 --
1019 3655 1222 3735 presentium,
1254 3675 1289 3717 ac

91 3769 287 3847 posterorum
309 3760 414 3822 barum
440 3765 548 3822 tenore
572 3760 708 3823 volumus
731 3762 901 3844 pervenire.
934 3761 1020 3842 Quod
1042 3779 1098 3822 nos
1119 3761 1289 3846 hospitibus

91 3872 207 3935 nostris
225 3867 408 3933 Semonibus
424 3868 462 3930 de
478 3867 555 3930 villis
571 3870 699 3932 Karolro
716 3876 748 3933 et
772 3869 1002 3955 Oropuodorff,
1020 3869 1109 3931 talem
1133 3871 1290 3934 concessi-

91 4000 159 4042 mus
176 3977 348 4040 libertatem
366 3983 398 4039 ut
414 3995 622 4059 quemcunque
638 3977 676 4039 de
694 3977 811 4039 comuni
829 3995 978 4038 consensu
996 3981 1026 4038 et
1042 3975 1194 4039 voluntate
1210 3976 1289 4038 inter

92 4088 177 4171 ipsos
201 4083 351 4149 voluerint
372 4087 402 4146 et
424 4083 583 4166 elegerint,
607 4082 665 4147 sibi
681 4081 842 4165 preficiunt
866 4084 897 4144 in
920 4084 1062 4154 villicum,
1086 4085 1289 4147 concedentes

93 4193 220 4265 eisdem,
245 4191 330 4254 utin
353 4189 432 4254 nulla
456 4211 545 4254 causa
570 4209 669 4253 coram
693 4188 829 4272 quolibet
847 4189 952 4270 judice
969 4197 1079 4266 astare,
1096 4192 1143 4253 nel
1159 4210 1289 4273 respon-

93 4302 170 4365 dere
187 4305 356 4371 teneantur,
374 4299 428 4362 sed
445 4317 571 4382 quocum
589 4335 632 4344 —
651 4333 691 4344 -
709 4297 797 4360 ambe
813 4301 914 4380 partes
930 4299 1108 4378 litigantium
1123 4297 1237 4360 tuerint
1255 4318 1291 4358 ex

94 4409 185 4493 ipsis,
209 4405 292 4470 solus
314 4406 407 4486 major
431 4407 502 4470 ville
519 4427 574 4488 pro
596 4409 733 4487 ternpore
757 4404 938 4466 constitutus
966 4404 1130 4466 seeundum
1155 4404 1288 4485 ipsorum

95 4515 345 4582 consuetudinem
363 4515 471 4579 debeat
483 4515 630 4597 judicare.
656 4512 690 4575 si
704 4515 803 4574 autem
819 4511 875 4573 alia
891 4531 963 4593 pars
980 4509 1165 4591 litigancium
1178 4513 1237 4574 erit
1253 4531 1289 4573 ex
