3150 5092
1224 338 1275 408 67

56 509 237 591 pristinum
266 517 377 577 statum
406 513 504 594 possit
527 510 685 574 reformari
711 529 747 572 ex
770 509 957 592 indulgentia
980 510 1067 591 regie
1084 510 1278 593 benignitatis

56 615 152 680 talem
184 621 329 703 graciam
357 622 386 684 ei
414 618 550 685 duximus
575 617 741 682 taciendam
758 620 792 680 ut
808 622 868 680 tam
885 618 1003 700 priores
1020 617 1167 702 inquilini,
1184 621 1210 683 si
1225 621 1277 703 qui

59 730 173 789 essent
192 729 383 811 superstites
406 728 645 811 supradictarum
662 726 798 789 villarum
822 744 909 807 quam
926 726 1023 788 eciam
1039 725 1177 810 hospites
1202 749 1276 792 cou-

58 829 203 896 dicionis
223 832 325 899 libere
341 836 380 899 de
396 855 472 900 nouo
489 833 706 899 convenientes
724 854 739 896 a
756 832 868 896 iudicio
892 834 1039 916 woyuode
1062 853 1116 917 pro
1138 839 1277 918 tempore

56 941 244 1013 constituti,
271 945 411 1007 comitum
426 939 645 1027 parochialium
662 961 717 1004 neo
734 961 792 1004 non
810 945 840 1005 et
856 941 985 1004 omnium
1002 940 1126 1004 aliorum
1141 941 1275 1023 judicum

56 1049 190 1132 penitus
212 1051 275 1113 sint
288 1051 417 1134 exempti
431 1071 487 1116 neo
501 1048 629 1114 alicuius
646 1053 807 1112 teneantur
823 1053 925 1112 astare
941 1048 1053 1114 iudioio
1069 1049 1127 1113 nisi
1145 1050 1193 1113 sui
1209 1051 1277 1133 epi·

55 1157 150 1238 scopi
168 1161 206 1219 et
224 1157 322 1221 ‘villici
340 1178 395 1241 pro
413 1163 550 1241 tempore
567 1157 734 1220 existentis.
758 1156 825 1220 Etsi
850 1156 1014 1240 episcopus
1037 1161 1088 1220 aut
1111 1157 1229 1221 villicus
1244 1159 1276 1222 in

58 1263 232 1328 reddenda
248 1266 368 1329 iusticia
395 1267 588 1348 negligentes
616 1265 727 1328 tuerint
749 1270 800 1329 aut
826 1265 964 1338 remissi,
992 1265 1041 1329 vel
1066 1271 1126 1355 tam
1150 1266 1274 1331 arduum

59 1377 150 1435 esset
167 1375 346 1455 negocium,
363 1373 442 1456 quod
459 1374 519 1456 ipsi
546 1373 694 1436 iusticiam
715 1375 827 1436 ¹tacere
853 1393 912 1436 non
928 1373 1075 1446 valerent,
1101 1376 1167 1458 ipsa
1185 1395 1275 1439 cansa

56 1481 152 1562 regie
184 1485 302 1544 tautum
319 1481 485 1545 maiestatis
503 1481 631 1545 examini
654 1481 842 1544 terminanda
866 1480 1031 1544 deteratur.
1060 1481 1098 1545 Et
1124 1488 1156 1545 ut
1172 1489 1275 1546 nostre

57 1591 283 1653 concessionis
316 1590 412 1671 gratia
441 1591 588 1672 perpetue
617 1586 766 1652 firmitatis
795 1587 887 1654 robur
918 1588 1068 1661 obtineat,
1099 1594 1276 1672 presentem

58 1697 216 1778 paginam
235 1695 385 1780 duppliois
409 1696 502 1780 sigilli
526 1696 621 1760 nostri
643 1697 803 1759 munimine
818 1696 990 1760 roboratam
1007 1698 1142 1762 duximus
1164 1718 1277 1763 conce-

59 1803 215 1868 dendam.
252 1805 360 1869 Datum
395 1825 471 1868 anno
501 1805 620 1867 Domini
642 1803 839 1869 Mcexuvl..
875 1805 1018 1870 Secundo
1055 1825 1149 1869 nouas
1176 1805 1276 1893 blayy,

59 1913 157 1995 regni
177 1916 280 1976 autem
296 1913 392 1977 nostri
409 1933 485 1977 anno
506 1912 571 1976 Xlt.

618 2085 729 2156 LXIV.

633 2221 714 2277 nto.

161 2343 229 2407 Nos
251 2343 427 2428 capitulum
450 2341 596 2407 Albeceia
618 2342 750 2406 eoeleste
773 2340 980 2423 significamus
1003 2341 1141 2408 omuibus
1163 2341 1277 2407 Christi

65 2449 214 2515 fidelibus
231 2457 404 2534 presentem
420 2451 559 2533 paginam
576 2448 778 2532 inspecturis,
796 2449 875 2533 quod
900 2469 968 2514 eum
988 2450 1172 2537 Stephanos
1193 2452 1276 2534 pala-

65 2559 162 2634 tinus,
184 2562 217 2622 et
234 2578 337 2623 comes
354 2557 574 2642 Symigieusis,
591 2560 622 2620 et
637 2557 758 2622 Paulus
774 2555 855 2620 filius
868 2558 1013 2633 Nicoloi,
1030 2562 1176 2639 cognatus
1193 2558 1276 2639 ejus·

66 2666 151 2740 dem,
179 2666 267 2732 ambo
290 2666 339 2730 de'
352 2686 468 2748 genere
487 2663 571 2730 doto
588 2665 698 2736 heled,
727 2663 900 2728 fuissentin
917 2665 1011 2729 nostri
1024 2657 1182 2749 presentia
1199 2687 1273 2730 con-

63 2775 177 2848 stituti,
196 2775 305 2840 Paulus
327 2774 452 2859 protulit
468 2776 669 2844 memoratus,
687 2771 766 2855 quod
784 2772 934 2856 cumipse
950 2779 1076 2856 propter
1100 2774 1270 2838 necessita-

64 2891 131 2947 tem
161 2881 273 2954 debiti,
306 2882 386 2966 quod
414 2901 469 2965 pro
496 2879 689 2944 redemcione
710 2881 835 2965 Mogod
843 2879 870 2966 ¹)
897 2883 995 2964 ipsum
1027 2881 1127 2945 acrius
1156 2886 1271 2962 urgeat,

66 2998 195 3056 centum
208 3011 324 3054 marcas
341 2989 461 3071 argenti
477 2988 514 3053 ab
530 2989 597 3078 ipso
616 2989 725 3052 comite
738 2986 894 3072 Stephano
911 2989 1090 3071 recepisset,
1108 2990 1144 3053 ad
1161 2988 1272 3053 dictum

68 3098 208 3162 debitum
240 3097 490 3181 persolvendum,
531 3116 588 3160 nec
616 3095 743 3160 haberet
769 3096 849 3158 unde
877 3095 973 3159 dictas
1002 3103 1122 3161 centum
1154 3117 1272 3162 marcas

68 3206 255 3270 retunderet
279 3205 423 3269 creditori
454 3225 509 3288 pro
538 3203 598 3267 illis
626 3197 749 3267 eentum
775 3202 885 3266 merois
913 3203 1066 3267 dimidiam
1093 3202 1272 3287 particulam

70 3313 229 3395 cujusdam
261 3314 467 3396 possessionis
500 3333 553 3376 sue
584 3308 745 3398 Seplape)
778 3315 966 3394 nuncupate,
998 3311 1150 3376 dimidiam
1183 3313 1272 3376 etiam

70 3425 190 3504 partem
210 3419 421 3484 libertinorum
438 3422 469 3484 et
484 3439 642 3484 servorum
659 3418 770 3483 ibidem
788 3419 1036 3492 constitutorum,
1054 3439 1119 3484 oum
1137 3420 1273 3483 omnibus

65 3526 189 3608 juribus
233 3531 264 3590 et
300 3527 490 3610 pertiuentiis
533 3528 595 3590 suis
628 3547 730 3592 coram
762 3525 850 3590 uobis
881 3525 1016 3590 vendidit
1051 3527 1133 3591 dicto
1171 3528 1273 3592 comiti

70 3635 246 3720 Stephano,
272 3635 361 3698 simul
384 3653 450 3698 cum
472 3633 533 3698 illis
550 3636 657 3707 terris,
678 3655 753 3720 quas
775 3633 874 3697 eidem
891 3635 975 3718 prius
999 3634 1184 3706 contulerat,
1203 3635 1272 3716 jure

69 3748 224 3827 perpetuo
252 3741 469 3827 possidendas;
497 3740 550 3806 tali
577 3748 678 3806 tamen
706 3743 787 3806 inter
813 3742 898 3825 ipsos
925 3742 1116 3805 distinctione
1142 3743 1274 3827 pacifice

68 3851 226 3923 ordinata,
256 3852 336 3933 quod
366 3851 502 3914 interra
530 3850 677 3914 socionali
702 3846 785 3935 (sic)
810 3869 879 3913 suas
906 3848 992 3913 ambo
1019 3848 1173 3915 habebunt
1197 3871 1270 3935 por-

70 3959 191 4034 tiones,
220 3957 308 4021 metis
334 3957 522 4041 interpositis
539 3961 715 4040 separatas,
739 3959 781 4020 ita
803 3956 966 4030 videlicet,
989 3957 1069 4042 quod
1096 3958 1273 4042 sepedictus

72 4087 180 4132 comes
209 4065 382 4152 Stephanus
408 4085 461 4128 sua
492 4066 609 4130 fruetur
637 4065 786 4148 porcione
818 4085 834 4128 a
869 4069 956 4149 parte
978 4063 1149 4150 Sceploke)
1181 4066 1272 4130 Paulo

103 4363 129 4424 1)
147 4364 253 4408 Ehemals
272 4363 339 4418 Dori,
352 4362 416 4418 jetzt
432 4361 538 4406 Pridium
555 4361 578 4406 in
595 4363 654 4406 lllitt.
672 4362 780 4408 Szolnoh.
798 4362 881 4408 comit.

102 4443 129 4505 ἵ)
147 4439 235 4490 Sailrds
252 4443 288 4503 (l)
306 4443 367 4487 Mitt.
385 4443 463 4488 Szolu.
480 4441 563 4486 Camil.

102 4523 128 4585 ⁸)
147 4524 256 4582 szepuu,
273 4523 332 4569 blitt.
349 4523 429 4568 Saoln.
448 4520 531 4566 Gemit.
616 4565 618 4570 .
