3150 5092
314 353 390 425 166

311 537 341 594 et
355 527 520 595 orationem
535 528 566 590 in
581 527 699 592 domino
713 526 832 590 debitas
849 547 884 589 ac
896 526 1029 590 devotas.
1054 527 1171 591 biteras
1192 532 1293 590 vestre
1314 523 1496 588 serenitatis

309 639 480 721 recepimus
496 637 525 700 in
541 636 599 700 bec
614 635 719 700 verba:

400 744 533 812 Andreas
545 744 602 808 Dei
616 745 713 826 gratia
727 763 780 809 rex
797 743 948 826 Hungarie
963 742 1103 807 tidelibns
1124 743 1186 808 suis
1200 743 1331 826 capitulo
1349 742 1498 806 Albensis

311 856 443 922 seelesie
467 852 680 918 Trsnssiluaue
707 851 831 916 salutem
857 858 891 916 et
916 852 1052 934 gratiam.
1084 850 1192 918 Comes
1213 853 1389 938 Dionysius
1413 850 1497 914 filius

311 963 435 1049 palatini
447 959 592 1046 quandam
605 962 826 1044 possessionem
833 964 941 1048 Lupus
952 966 1085 1023 vocatam
1098 982 1114 1023 a
1127 960 1213 1023 nobis
1225 961 1331 1043 petivit
1342 959 1404 1023 sibi
1418 959 1497 1031 dari,

311 1092 413 1137 verum
430 1072 497 1156 quia
514 1071 552 1135 de
568 1072 682 1154 prefata
709 1071 905 1153 possessione
925 1069 1034 1133 veritas
1057 1068 1145 1132 nobis
1161 1089 1219 1131 non
1236 1073 1372 1145 constat,
1394 1072 1497 1131 utrum

311 1180 348 1246 ad
376 1185 506 1244 nostram
534 1179 664 1263 pertinet
678 1178 868 1242 collationem
890 1185 942 1242 ant
967 1197 1037 1249 non,
1053 1175 1188 1240 fidelitati
1203 1183 1306 1242 vestre
1319 1178 1497 1241 mandamus

311 1287 517 1374 precipiendo,
534 1293 679 1369 quotenus
700 1288 824 1352 mittatis
849 1287 996 1354 bominem
1012 1293 1145 1351 restrum
1168 1306 1223 1368 pro
1244 1266 1418 1350 testimonio
1436 1283 1498 1349 tide

314 1397 445 1482 dignum,
464 1415 563 1462 coram
577 1416 636 1479 quo
652 1396 813 1460 Damianos
829 1397 956 1476 blagnus
972 1395 1059 1459 bomo
1074 1401 1188 1466 noster,
1211 1392 1388 1458 convocatis
1410 1411 1499 1456 com-

235 1585 241 1603 ,
312 1508 456 1570 metaneis
473 1511 504 1570 et
520 1504 624 1569 uicinis
637 1502 804 1570 reambulet
817 1506 912 1588 ipsam
929 1504 1164 1587 possessionem,
1176 1512 1207 1567 et
1222 1503 1251 1566 si
1266 1502 1444 1566 immediate
1461 1503 1500 1566 ad

313 1621 444 1680 nostram
467 1613 616 1680 inveniret
640 1614 793 1696 pertinere
816 1612 1003 1676 donationem
1031 1633 1084 1676 seu
1115 1612 1304 1676 collationem
1332 1617 1365 1677 et
1386 1613 1414 1674 si
1438 1631 1499 1674 uon

311 1725 403 1790 luerit
422 1722 637 1788 contradictum
661 1727 772 1786 statuat
788 1722 888 1786 comiti
905 1721 1047 1806 Dionysio
1065 1727 1237 1797 memorato,
1254 1720 1500 1786 contradictores

314 1840 411 1897 autem
428 1833 452 1895 si
468 1832 519 1917 qui
533 1832 643 1896 fuerint
658 1830 695 1894 ad
712 1835 842 1894 nostram
859 1831 931 1892 citet
947 1831 1127 1913 presentiam
1144 1829 1180 1893 ad
1196 1831 1355 1894 terminum
1372 1848 1500 1912 compe-

315 1949 437 2006 tentem.
469 1941 507 2004 Et
532 1945 601 2024 post
628 1939 685 2002 bec
709 1939 787 2004 diem
810 1940 958 2002 citationis
986 1945 1018 2002 et
1042 1939 1198 2002 terminum
1226 1939 1415 2020 assignatum
1449 1941 1500 2000 aut

313 2051 430 2114 nomino
453 2050 619 2122 citatorum.
642 2047 815 2132 qualitatem
843 2053 873 2109 et
895 2050 1085 2132 quantitatem
1102 2048 1181 2111 dicte
1206 2047 1414 2131 possessionis
1431 2066 1498 2110 cum

312 2159 392 2223 serie
409 2159 498 2222 totius
512 2157 598 2220 nobis
615 2155 744 2221 fideliter
760 2155 945 2220 rescribatis.
963 2157 1068 2221 Datum
1082 2158 1111 2220 in
1129 2157 1250 2240 Philpus
1267 2143 1342 2221 teria
1360 2155 1497 2218 secunda

212 2353 214 2356 Ι
311 2268 442 2352 proxima
453 2271 522 2332 ante
539 2265 772 2349 purificationem
785 2264 912 2346 uirginis
927 2265 1069 2347 gloriose.
1088 2266 1160 2352 (29.
1173 2265 1259 2350 lan.)
1560 2298 1562 2415 q

401 2375 463 2440 Nos
491 2376 578 2438 etiam
601 2373 754 2458 preceptis
778 2376 887 2437 vestris
908 2373 1096 2445 obedientes,
1115 2383 1147 2438 ut
1160 2380 1306 2448 tenemur,
1329 2392 1398 2440 cum
1416 2373 1499 2436 dicto
1561 2418 1562 2431 ,

311 2485 427 2550 homine
449 2489 551 2548 vestm
574 2487 604 2546 et
625 2481 712 2546 nobis
735 2480 867 2546 misimus
888 2481 967 2568 (—)
991 2503 1044 2565 pro
1061 2484 1249 2554 testimonio,
1274 2483 1325 2567 qui
1348 2501 1498 2544 reversus
1561 2434 1562 2525 1

312 2592 399 2656 nobis
416 2592 487 2658 dixit
503 2591 682 2674 requisitus,
705 2591 783 2674 quod
806 2590 872 2674 ipso
894 2596 1037 2674 presente
1055 2591 1133 2656 idem
1155 2591 1242 2655 bomo
1259 2598 1361 2654 vester
1385 2607 1500 2673 preno·
1561 2605 1562 2610 ¹

309 2705 398 2764 tatam
415 2701 638 2784 possessionem
661 2717 728 2764 cum
748 2698 884 2762 omnibus
903 2700 1078 2764 utilitatibus
1096 2701 1158 2764 sois
1175 2706 1206 2762 et
1221 2698 1416 2784 pertinentiis
1436 2700 1500 2760 sta·

307 2810 414 2874 tuisset
431 2813 564 2892 pretacto
581 2808 681 2873 comiti
697 2807 850 2890 Dionysio,
868 2809 1089 2872 contradictore
1104 2810 1222 2872 nemine
1239 2808 1397 2871 existente.
1561 2804 1562 2815 ’

833 3049 965 3119 CLXIX.

644 3184 723 3246 1291,
744 3185 786 3239 11.
805 3186 883 3240 bibra.
902 3185 1155 3258 weissenburg.

398 3313 460 3376 Nos
476 3313 610 3376 Andreas
626 3312 681 3376 Dei
696 3314 797 3396 gratia
824 3335 875 3377 reu
902 3315 1062 3397 Hungarie.
1087 3315 1232 3379 Memoria
1248 3315 1494 3380 commendantes
1561 3324 1562 3329 ’

309 3421 512 3506 significamus
536 3421 642 3507 quibus
665 3421 785 3506 expedit
814 3424 969 3487 universis.
995 3422 1079 3504 Quod
1104 3444 1206 3488 comes
1221 3423 1396 3506 Dyonisius‚
1411 3424 1493 3488 filius
1561 3434 1562 3445 ³

309 3529 445 3614 Dyonisii
456 3529 493 3593 ad
506 3537 636 3594 nostram
649 3531 798 3595 accedens
810 3533 992 3617 presentiam
1006 3532 1150 3614 quandam
1162 3534 1386 3617 possessionem
1397 3536 1493 3598 castri

311 3638 446 3710 Scopuli,
473 3639 752 3726 sapervacuum,
776 3641 882 3723 petivit
898 3662 914 3704 a
930 3642 1016 3705 nobis
1044 3641 1101 3704 sibi
1125 3641 1205 3713 dari,
1240 3662 1343 3706 verum
1359 3643 1429 3726 quia
1453 3643 1490 3706 de

310 3748 451 3832 qualitate
475 3753 505 3811 et
533 3750 695 3833 quantitate
722 3751 817 3832 ipsius
840 3750 1042 3832 possessionis
1064 3749 1149 3812 nobis
1170 3750 1281 3813 veritas
1296 3771 1354 3814 non
1373 3756 1493 3814 consta·

308 3857 369 3928 bat,
391 3855 530 3920 fidelibus
553 3858 664 3920 nostris
682 3857 812 3940 capitulo
829 3857 959 3922 ecclesie
979 3857 1117 3938 Albensis
1133 3857 1340 3921 Transilvanie
1352 3857 1490 3922 dedimus
1561 3838 1562 3841 Ἴ

310 3967 341 4029 in
364 3965 517 4039 mandatis,
540 3969 571 4028 ut
598 3966 744 4030 bominem
763 3967 895 4052 ipsorum
912 3969 1063 4032 mitterent
1086 3966 1206 4032 fidelem
1232 3989 1287 4052 pro
1307 3970 1489 4042 testimonio,

310 4094 409 4137 eoram
434 4093 491 4159 quo
509 4073 595 4138 homo
620 4082 724 4140 noster
740 4076 885 4158 prelatum
904 4078 1129 4162 possessionem
1149 4077 1341 4163 presentibus
1358 4098 1490 4142 comme-

309 4183 405 4246 taneis
423 4187 453 4246 et
469 4183 575 4248 vicinis
593 4183 821 4256 reambulareot‚
835 4189 866 4248 et
880 4190 1047 4249 statuerent
1061 4187 1159 4250 eidem
1175 4187 1276 4250 comiti
1292 4188 1450 4272 Dponisio,
1462 4189 1489 4251 si

310 4296 410 4355 nostre
434 4291 585 4356 collationi
607 4294 782 4376 pertineret,
806 4300 837 4358 et
858 4296 885 4357 si
903 4315 962 4358 oon
977 4295 1070 4358 tuerit
1084 4294 1311 4367 conbadictum
1328 4301 1379 4359 aut
1394 4295 1420 4360 si
1437 4297 1487 4380 qui

310 4399 428 4474 tuerint,
445 4401 568 4464 eosdem
582 4401 613 4466 in
629 4407 760 4466 nostram
776 4404 959 4485 presentiam
976 4403 1138 4468 evocando.
1165 4404 1252 4486 Quod
1267 4403 1388 4487 quidem
1404 4405 1487 4490 capi·

309 4505 495 4573 tulumnobis
504 4509 724 4593 rescripserunt
736 4509 765 4574 in
773 4509 852 4576 bunc
860 4509 989 4575 modum.
1011 4510 1061 4598 (S.
1073 4511 1309 4594 dierorbergeb.
1318 4510 1487 4598 Urkunde.)
