3150 5092
1247 341 1268 412 3

53 529 138 576 vere
157 510 338 575 occidentali
353 511 471 575 directe
487 512 625 596 superius
642 531 749 576 versus
773 512 893 597 plagam
917 511 1136 578 occidentalem
1153 528 1267 578 aseen-

57 615 170 681 dendo
186 617 219 681 in
235 617 333 682 medie
349 616 480 703 planicie
496 624 579 684 terre
596 624 699 683 erecta
717 622 765 682 est
783 639 840 684 uua
856 626 1052 685 metaterrea.
1063 619 1095 682 ln
1107 641 1166 704 qua
1182 620 1269 684 sessa

58 728 114 790 est
149 725 240 788 etiam
272 745 362 789 unum
384 726 492 790 vitrum
509 747 576 790 eum
591 726 659 790 rino
675 747 731 810 pre
748 727 837 808 signe
863 729 975 792 metali.
1001 727 1040 790 Et
1061 727 1098 791 ab
1119 726 1169 790 illa
1186 732 1266 792 meta

58 833 180 896 iterum
197 853 305 897 versus
325 833 444 917 plagam
466 834 683 898 occidentalem
709 836 850 918 superius
871 834 1064 899 ascendendo
1087 835 1116 897 iu
1134 840 1235 900 mente
1252 856 1269 898 a

58 949 160 1026 parte
191 943 286 1028 Zyrrd
310 963 406 1027 prope
426 944 504 1007 riam
529 948 632 1008 erecta
648 948 696 1005 est
710 962 769 1005 rma
795 947 872 1006 meta
893 947 995 1005 terrea
1018 945 1049 1005 et
1070 939 1107 1005 ab
1124 943 1174 1005 illa
1189 947 1270 1006 meta

59 1050 244 1114 inclinando
260 1070 367 1115 versus
383 1051 501 1135 plagam
518 1050 744 1114 meridionalem
757 1049 971 1113 deseendende
986 1048 1022 1112 ad
1032 1048 1151 1113 flurium
1161 1051 1269 1134 Zpud-

55 1158 217 1245 puthaha
234 1162 447 1242 nuncupatum,
465 1164 495 1223 et
510 1158 609 1244 ipsum
621 1157 767 1230 saliendo,
784 1157 924 1243 superius
941 1157 973 1218 in
988 1155 1064 1219 lines
1076 1158 1267 1245 Hegpmezue

63 1266 191 1330 directe
208 1265 245 1328 ad
262 1271 365 1348 partes
381 1266 592 1330 meridionales
609 1264 816 1350 precedendo,
834 1268 904 1348 pest
920 1284 1007 1330 enam
1023 1264 1149 1328 alteram
1166 1272 1270 1330 erecte

65 1377 145 1436 sunt
162 1378 225 1436 tres
237 1377 436 1445 meteterree,
444 1379 475 1437 et
484 1374 520 1437 ab
537 1373 599 1436 illis
616 1375 704 1436 metis
721 1372 935 1437 adscendende
944 1373 982 1436 ad
990 1372 1267 1459 fluriumPerdc¹).

65 1481 109 1543 Et
137 1481 239 1563 ipsum
263 1480 397 1543 saliendo
422 1481 561 1562 superius
583 1483 614 1543 in
631 1486 732 1544 mente
749 1484 853 1544 erecta
870 1485 918 1543 est
934 1500 990 1542 una
1007 1485 1086 1544 meta
1102 1486 1213 1554 terrea,
1242 1487 1273 1546 et

66 1569 107 1651 ab
125 1587 179 1650 illa
197 1593 275 1651 meta
298 1607 354 1670 per
379 1587 529 1653 medicum
551 1588 743 1671 precedendo
761 1588 799 1652 ad
815 1588 945 1672 Erlploa
963 1592 1048 1670 parte
1071 1589 1269 1654 Zcuboibol-

63 1698 164 1780 selec
178 1694 292 1758 directe
311 1695 524 1763 descendendo
536 1696 573 1758 ad
586 1696 715 1758 medium
734 1696 815 1760 duvii
827 1696 973 1777 branyas,
984 1699 1015 1757 et
1029 1696 1058 1758 in
1075 1696 1175 1760 medie
1193 1697 1273 1760 fluvii

68 1804 209 1885 Aranyas
227 1802 441 1866 descendendo
458 1824 564 1868 versus
581 1803 700 1886 plagam
716 1802 893 1866 orientalem
905 1803 943 1865 ad
961 1806 1092 1867 castrum
1107 1806 1273 1889 Arangae-

65 1933 142 1976 rear
158 1916 374 1993 nuncupatum,
398 1916 429 1975 et
451 1917 584 1974 acastre
609 1911 726 1975 directe
750 1932 807 1993 per
830 1910 949 1973 durium
974 1911 1109 1992 branyes
1135 1912 1270 1977 saliendo

66 2039 180 2082 versus
189 2017 308 2102 plagam
320 2017 544 2082 meridionalem
555 2018 591 2081 ad
601 2018 677 2082 lines
691 2038 847 2081 nemorum
856 2019 886 2080 in
896 2018 1049 2102 quoddam
1064 2024 1182 2083 meatus
1194 2040 1270 2105 aque

71 2145 132 2210 per
162 2125 290 2189 medium
315 2125 511 2208 precedendo
535 2124 571 2188 ad
590 2125 709 2188 durium
726 2125 763 2188 de
780 2124 1040 2189 Zentmihalialwa
1057 2127 1273 2192 descendendo

71 2237 247 2306 currentes,
269 2232 320 2296 rbi
336 2232 388 2296 illa
405 2253 480 2316 aqua
496 2233 671 2316 bipartitur,
694 2237 724 2295 et
739 2253 795 2316 per
811 2233 943 2297 medium
960 2235 1040 2298 durii
1056 2235 1271 2298 descendendo

70 2360 183 2405 versus
208 2341 328 2422 plagam
359 2340 552 2412 orientalem,
584 2345 674 2423 prout
698 2361 773 2424 aqua
807 2342 947 2405 circuens
980 2341 1062 2405 eadit
1093 2343 1123 2405 in
1150 2343 1270 2407 flurium

69 2450 220 2529 Aranyas,
237 2452 268 2511 et
286 2450 331 2512 sic
349 2454 428 2511 mete
444 2449 523 2511 inter
538 2447 695 2530 predictas
717 2449 929 2530 possessiones
955 2448 1203 2513 determinantur.
1228 2449 1269 2513 Ut

68 2556 167 2638 igitur
198 2556 256 2619 bee
279 2556 392 2619 erectio
414 2561 558 2619 metarum
587 2553 679 2618 robur
707 2555 844 2619 obtineat
867 2561 1016 2638 perpetue
1043 2557 1193 2621 firmitatis
1216 2578 1271 2640 pre

74 2665 226 2727 communi
239 2663 357 2744 justitia
374 2663 536 2734 suadente,
554 2663 653 2725 eidem
670 2662 830 2745 magnifiee
849 2662 967 2726 demine
986 2663 1143 2746 Stephane
1161 2665 1275 2729 blilrwd

72 2771 181 2835 literas
204 2775 322 2835 uestras
338 2770 547 2855 privilegiales
563 2771 735 2853 pendentis,
760 2776 791 2834 et
808 2772 949 2834 autentici
973 2772 1071 2835 nostri
1094 2771 1186 2852 sigilli
1208 2794 1274 2837 mu·

71 2879 186 2943 nimine
213 2877 372 2943 roboratas
396 2879 530 2942 duximus
556 2878 779 2943 concedendas.
820 2878 928 2941 Datum
951 2884 1056 2942 entare
1082 2879 1200 2943 decime
1223 2883 1273 2944 die

71 2985 320 3051 reambulatienis
343 2990 511 3070 prenotate.
536 2989 620 3051 Anne
644 2987 756 3051 demini
776 2985 934 3049 millesime
960 2987 1127 3051 centesimo
1149 2993 1274 3071 septua-

75 3097 193 3176 gesimo
211 3097 307 3158 sexte.
412 3117 413 3120 ¹

647 3279 699 3349 lll.

559 3429 641 3495 1191,
660 3431 704 3485 20.
723 3430 789 3485 Dec.

168 3541 360 3620 Caelestinus
381 3541 560 3625 episeopus,
593 3561 698 3606 servus
722 3560 880 3604 serverum
904 3539 970 3611 dei,
996 3540 1161 3603 venerabili
1185 3541 1272 3605 fratri

75 3648 290 3736 Stripem‘eeei
304 3647 544 3731 archiepiscopo,
558 3647 683 3709 salutem
701 3653 732 3710 et
747 3648 941 3730 apostolicam
957 3646 1213 3712 benedictionem.
1227 3686 1272 3697 -

80 3795 119 3805 -
137 3793 180 3804 -
199 3755 272 3820 Cum
295 3761 394 3819 autem
419 3753 550 3819 ecelesia
577 3756 822 3820 Teeteeieerum
847 3756 1128 3820 Vltrueileeeerum
1149 3757 1179 3819 in
1201 3778 1274 3841 pre-

78 3864 242 3947 posituram
259 3862 384 3927 liberam
411 3864 450 3925 sit
477 3862 622 3935 instituta,
652 3868 681 3925 et
713 3863 846 3934 eisdem,
875 3863 983 3946 quibus
1006 3869 1037 3925 et
1062 3862 1120 3926 alie
1142 3884 1273 3947 praepe-

78 3971 170 4034 siture
201 3974 330 4043 memte,
357 3969 504 4034 libertatis
527 3969 698 4051 insignibus
726 3970 876 4042 redimita,
900 3975 930 4033 et
952 3969 1077 4033 eandem
1100 3972 1271 4036 authentice

79 4080 192 4163 scripto
210 4080 394 4144 clarissimus
410 4080 442 4143 in
458 4078 579 4143 Christe
597 4079 676 4143 lilius
699 4084 804 4143 nester
826 4079 860 4140 B.
883 4079 1007 4143 illustris
1032 4100 1085 4144 rer
1108 4080 1272 4160 Hungarie,

79 4189 227 4254 studuerit
258 4191 454 4261 communire,
493 4209 581 4272 quam
612 4190 702 4254 etiam
735 4189 866 4252 dilectus
904 4188 983 4252 tilius
1022 4194 1142 4260 nester,
1191 4188 1271 4252 Gre-

80 4300 196 4382 gorius,
235 4297 268 4363 S.
297 4297 392 4362 Maria
416 4299 446 4361 in
470 4299 591 4379 porticu
616 4299 761 4364 diaeonus
786 4295 963 4369 cardinalis,
999 4301 1070 4360 tunc
1104 4295 1272 4378 apostolice

83 4456 165 4465 ——.

113 4532 134 4580 ι1
151 4533 215 4576 Jetzt
230 4531 398 4588 Perdepetaka.

1015 4606 1029 4659 1
1039 4610 1053 4640 a
