3150 5092
276 398 326 470 36

276 570 480 657 hospitalariis
497 571 572 654 ipsis
588 571 832 656 responderunt:
849 572 946 636 eidem
962 573 1030 654 regi
1047 582 1193 657 occupata
1211 573 1363 636 humiliter
1385 593 1479 656 repe-

270 681 355 750 tenti,
378 680 457 765 quod
485 681 515 743 in
542 699 641 765 pugna
670 686 795 763 propter
818 682 877 744 hoc
906 681 1006 765 potius
1035 683 1110 745 mori
1127 683 1250 752 vellent,
1276 701 1363 764 quam
1380 684 1476 745 resti-

271 790 359 850 tuero
375 786 425 850 illa
443 786 517 860 sibi;
543 787 597 850 sed
616 807 672 850 nec
689 786 746 849 hoc
763 787 913 858 contenti,
931 787 1070 852 homines
1088 791 1152 852 eius
1175 790 1305 872 capiunt,
1328 787 1476 852 indebitis

274 915 330 958 eos
358 894 562 959 exactionibus
591 899 805 977 aggrauantes,
822 902 853 958 et
869 894 936 959 aliis
959 896 1020 978 ipsi
1037 896 1133 960 modis
1148 896 1314 959 innumeris
1331 896 1475 959 iniuriosi

272 1005 435 1067 existentes
452 1000 611 1085 plurimum
631 1006 661 1064 et
677 1002 812 1071 molesti;
829 1024 865 1066 ac
882 1002 1073 1067 conditiones
1090 1003 1128 1066 ab
1145 1004 1251 1068 eodem
1275 1024 1350 1085 rege
1377 1024 1476 1086 super·

269 1116 390 1173 moneta
407 1110 515 1193 ipsius,
532 1116 562 1173 et
575 1108 752 1193 quibusdam
768 1110 835 1172 aliis
853 1110 989 1173 articulis
1002 1111 1047 1173 eis
1067 1113 1233 1192 impositas,
1256 1131 1321 1174 cum
1343 1110 1473 1190 Hunga-

270 1217 345 1279 riam
361 1217 557 1288 intonuerant,
576 1236 699 1280 seruare
717 1216 999 1300 nolentes,propter
1014 1218 1093 1302 quod
1110 1239 1125 1280 a
1143 1216 1294 1281 nonnullis
1310 1219 1471 1289 asseritur,

270 1323 350 1407 quod
369 1329 510 1407 tanquam
533 1323 612 1404 ignis
635 1324 665 1384 in
688 1323 764 1393 sinu,
787 1343 853 1387 mus
875 1325 904 1386 in
922 1345 1005 1408 pera,
1034 1331 1065 1388 et
1081 1345 1209 1408 serpens
1224 1326 1253 1386 in
1270 1326 1397 1406 gremio,
1416 1324 1471 1408 qui

271 1430 407 1514 hospites
435 1451 505 1493 suos
535 1430 610 1493 male
638 1438 841 1502 remunerant,
870 1431 929 1493 sint
956 1431 1055 1495 eidem
1083 1433 1150 1513 regi
1174 1431 1359 1515 hospitalarii
1377 1453 1471 1516 supra

269 1538 354 1602 dicti.
392 1539 532 1603 Prolatus
560 1537 660 1622 itaque
688 1557 742 1601 ren
769 1536 880 1601 deuote
906 1537 1066 1620 plurimum
1092 1538 1253 1620 postulauit
1275 1557 1291 1599 a
1314 1537 1412 1610 nobis,
1438 1546 1471 1601 vt

270 1646 393 1709 eosdem
407 1643 618 1727 hospitalarios
630 1643 813 1707 liberalitate
829 1644 926 1726 ipsius
943 1644 1159 1727 quadamtenus
1176 1646 1266 1707 etiam
1294 1645 1469 1717 abutentes,

268 1773 324 1836 pro
341 1758 423 1816 tante
446 1751 669 1834 ingratitudinis
686 1752 758 1816 vitio
788 1772 823 1814 se
845 1751 1043 1815 reddiderunt
1058 1753 1216 1834 indignos,
1239 1754 1465 1826 mandaremus,

268 1881 339 1924 osse
364 1865 537 1935 contentos,
571 1865 602 1923 et
626 1859 662 1922 ab
687 1862 882 1943 usurpatione
910 1860 1044 1945 qualibet
1077 1861 1223 1923 cohiberi.
1265 1860 1340 1923 Cum
1369 1867 1470 1924 autem

266 1967 402 2049 religiosi
425 1968 491 2037 viri,
514 1967 566 2049 qui
581 1969 704 2051 propria
722 1967 921 2051 perfectionis
938 1987 1039 2030 amore
1055 1971 1260 2040 contemnunt,
1289 1967 1389 2031 aliena
1406 1989 1467 2031 non

269 2075 379 2140 debent
406 2095 563 2158 usurpare,
592 2095 648 2139 nec
672 2081 750 2145 sunt.
780 2095 856 2158 quos
879 2095 937 2138 non
959 2074 1107 2138 dedeceat
1123 2095 1231 2157 aspere
1248 2081 1353 2138 cosma
1368 2076 1467 2139 bene-

266 2185 413 2246 factorem
429 2202 515 2246 suum
532 2203 624 2267 super
640 2183 799 2247 benefieiis
815 2184 881 2246 eius
898 2184 1077 2266 procedere,
1087 2182 1195 2246 nedum
1212 2183 1309 2246 eidem
1325 2183 1468 2246 iniuriam

266 2291 313 2355 vel
329 2309 490 2371 grauamen
519 2291 649 2361 inferre;
676 2311 711 2353 ac
734 2313 789 2374 pro
807 2292 884 2356 bono
900 2291 1072 2355 retribuere
1089 2290 1148 2353 sibi
1164 2289 1290 2362 malum;
1314 2295 1347 2352 et
1363 2290 1468 2372 indig-

267 2419 335 2460 num
358 2397 475 2470 existat,
499 2397 579 2482 quod
604 2399 671 2481 quis
703 2401 813 2464 sentiat
834 2421 871 2463 en
898 2421 953 2463 sua
969 2398 1151 2462 liberalitate
1167 2399 1330 2462 iacturam:
1348 2398 1464 2461 frater-

266 2505 352 2568 nitati
372 2510 473 2568 vestre
500 2525 556 2588 per
584 2507 751 2588 apostolica
775 2508 886 2590 scripta
915 2506 1103 2580 mandamus,
1128 2511 1273 2592 quatenus
1302 2507 1341 2569 ad
1363 2504 1465 2569 locum

265 2613 469 2696 personaliter
486 2613 677 2685 accedentes,
701 2614 842 2699 inquisita
859 2613 1014 2697 superbis
1032 2617 1200 2677 summatim
1221 2613 1366 2684 veritate,
1392 2634 1466 2696 pre-

266 2720 432 2783 nominatos
454 2720 675 2805 hospitalarios.
699 2726 729 2786 vt
751 2722 906 2786 concessis
930 2721 1023 2784 eisin
1046 2722 1130 2805 regia
1148 2721 1308 2784 donatione
1323 2721 1464 2785 terminis

266 2827 326 2889 sint
354 2829 501 2901 contenti,
527 2833 556 2892 et
580 2831 700 2892 easdem
723 2830 913 2893 conditiones
930 2828 1104 2899 obseruant,
1128 2849 1184 2913 per
1199 2847 1345 2890 censuras
1360 2828 1467 2891 eccle-

266 2935 418 3005 siasticas,
441 2936 640 3020 appellatione
656 2942 780 3007 remota,
804 2938 937 3016 cogatis;
961 2957 1027 3000 cum
1051 2937 1155 3000 eodem
1179 2955 1254 3017 rege
1277 2935 1414 3018 insuper,
1431 2941 1466 2999 vt
1571 2982 1572 3015 ,

266 3047 371 3106 contra
401 3042 610 3107 liberalitatem
639 3063 722 3106 suam
755 3063 814 3106 non
841 3045 958 3117 ueniat,
988 3043 1179 3107 nihilomiuus
1211 3044 1373 3112 facientem
1403 3063 1464 3105 non

263 3148 453 3215 obstantibus
479 3149 589 3214 litteris
606 3151 644 3214 ad
719 3149 903 3221 Lilienwelt,
939 3153 977 3216 de
1006 3151 1096 3233 Egris
1123 3157 1154 3213 et
1176 3151 1215 3213 de
1233 3150 1313 3213 Kerc
1335 3149 1463 3213 abbates
1571 3138 1572 3167 l

266 3259 375 3321 asecle
399 3259 561 3340 apostolica
589 3259 766 3342 impetratis.
794 3259 878 3340 Quod
906 3260 933 3321 si
958 3279 1016 3320 non
1040 3277 1144 3320 omnes
1160 3294 1203 3304 -
1229 3258 1336 3321 Datum
1354 3258 1460 3322 Reate.
1570 3292 1571 3295 ¹

264 3365 331 3428 Kal.
349 3365 549 3452 Septembris.
562 3367 645 3427 Anno
662 3364 697 3427 X.

795 3567 917 3637 XXXV.

675 3703 757 3763 reae.
776 3703 803 3756 1.
821 3703 881 3758 ou.
910 3703 1026 3758 neate.

354 3813 503 3876 llonorius
535 3849 578 3860 -
605 3812 706 3876 abbati
735 3813 909 3876 monasterii
939 3813 1133 3878 OEuusimsrsss
1155 3813 1195 3876 de
1228 3812 1461 3896 Vltruagluaois
1569 3798 1570 3865 l

258 3921 409 4008 partibus
426 3957 466 3967 —
485 3920 571 3983 Licet
595 3920 686 3984 sedes
709 3921 875 4006 apostolica
892 3920 1085 3984 consueuerit
1101 3918 1225 3982 deuotos
1244 3919 1323 3982 filios
1346 3920 1457 3985 affectu

264 4029 409 4113 prosequi
436 4026 580 4109 speciali3
605 4028 644 4091 de
660 4008 808 4112 singulari
824 4034 923 4092 tamen
942 4028 1007 4110 ejus
1023 4027 1120 4109 gratia
1137 4033 1167 4090 et
1181 4027 1371 4110 benignitate
1387 4050 1461 4111 pro-

269 4135 361 4206 cedit,
381 4154 448 4198 cum
471 4135 622 4219 speciales
639 4155 786 4219 personas
807 4137 933 4201 adornat
953 4135 1130 4218 dignitatum
1153 4136 1307 4216 insigniis,
1335 4157 1396 4220 que
1423 4137 1460 4200 ad

263 4242 409 4324 majorem
426 4243 532 4307 domus
548 4242 605 4306 Dei
622 4245 763 4308 decorem
782 4244 931 4309 accedere
953 4242 1178 4325 dignoscuntur.
1204 4243 1300 4314 Vnde,
1320 4245 1372 4327 qui
1388 4245 1461 4309 talia
1568 4306 1569 4337 ἶ

265 4354 421 4414 merentur
446 4352 600 4434 recipere,
629 4371 748 4435 semper
773 4351 863 4432 hujus
885 4353 984 4434 gratie
1010 4370 1159 4413 memores
1181 4369 1252 4413 esse
1274 4351 1403 4424 debent;
1431 4357 1464 4417 rt

264 4458 359 4521 cultui
394 4458 536 4526 honoris.
566 4479 653 4543 quem
684 4459 840 4533 exhibent,
873 4459 952 4522 bone
980 4459 1104 4522 actionis
1135 4458 1338 4540 respondeant
1368 4479 1460 4522 orna·
1567 4480 1568 4533 i

258 4570 379 4638 menta3
420 4570 450 4628 et
488 4566 556 4650 plus
599 4585 720 4629 suorum
760 4569 954 4640 meritorum,
997 4584 1084 4648 quam
1122 4566 1319 4648 insigniorum
1351 4571 1460 4631 ornatu
1567 4558 1568 4589 r
