3150 5092
1242 311 1319 383 215

122 480 274 545 sessionis
290 481 363 547 dicti
378 482 496 549 abbatis
511 484 686 571 Bogus-tells
699 488 807 550 vocate
821 483 985 548 vicinorum
1000 491 1033 549 st
1049 490 1323 551 commetaneorum

123 587 263 653 eiusdem
280 590 438 673 legittimis
451 590 726 655 conuocaciooibus
742 592 831 657 factis
847 595 878 654 et
893 592 1088 673 presentibus
1104 594 1216 675 pariter
1231 614 1324 657 aece-

124 694 227 761 dendo
251 717 287 761 ex
308 697 384 762 bona
407 696 561 765 voluntate
585 705 616 762 et
632 699 833 781 permissione
856 700 932 763 dicti
954 700 1137 765 uenerabilis
1152 702 1184 763 in
1200 698 1324 765 Christo

126 804 224 887 patris
242 806 354 870 domini
369 806 453 871 Petri
469 806 607 890 episcopi
624 805 736 871 domini
755 812 787 872 et
802 806 912 890 prelati
933 810 1029 872 uostm
1045 809 1175 873 eundem
1196 807 1324 891 religio·

125 931 193 977 sum
205 914 300 978 virum
316 914 467 980 dominum
478 914 624 979 Lazarum
639 914 777 978 abbatem
792 918 825 977 et
836 914 986 980 dominum
999 922 1140 981 annotate
1152 918 1326 1000 possessio-

126 1021 174 1083 nis
191 1022 358 1103 Bogartellr
373 1028 480 1088 vocate
494 1020 716 1086 introducendo
735 1020 976 1087 reambulassent
992 1026 1149 1108 ipsamque
1167 1044 1223 1106 per
1235 1043 1325 1087 veras

126 1148 200 1193 suas
216 1135 313 1194 metas
330 1134 361 1195 et
377 1132 523 1217 antiquas,
542 1150 637 1195 nouas
661 1133 742 1193 iuxta
759 1134 880 1194 veteres
902 1131 934 1192 in
955 1132 1030 1195 locis
1057 1131 1243 1212 necessariis
1263 1132 1326 1194 eri-

125 1237 229 1317 gendo
246 1237 521 1322 reambulatamque
537 1238 620 1303 stab
638 1238 763 1303 aliorum
778 1238 1031 1321 possessionarijs
1043 1238 1164 1319 juribus
1175 1238 1326 1320 legittime

125 1352 302 1429 separatam
319 1355 349 1411 et
364 1345 537 1411 distinctam
552 1365 621 1409 cum
636 1344 773 1411 omnibus
795 1346 859 1411 suis
876 1345 1054 1411 utilitatibus
1071 1345 1109 1410 ad
1125 1346 1235 1409 dictam
1251 1366 1326 1431 pos-

127 1454 299 1519 sessionem
312 1452 520 1536 spectantibus
538 1454 594 1517 sub
610 1457 697 1519 metis
708 1456 785 1519 inira
802 1454 994 1518 declarandis
1010 1456 1188 1519 statuissent
1200 1452 1325 1517 eandem

127 1562 229 1626 eidem
248 1561 369 1626 domino
384 1562 498 1625 Lazaro
516 1559 618 1625 abbati
634 1569 665 1627 et
681 1582 735 1625 suo
756 1562 941 1625 monasterio
960 1581 995 1625 eo
1008 1562 1079 1643 jure
1095 1582 1154 1646 quo
1172 1582 1208 1625 ex
1224 1563 1326 1627 causis

128 1669 288 1751 premissis
316 1669 391 1751 ipsis
414 1668 625 1733 dinosceretur
656 1671 810 1753 pertinere
832 1672 981 1754 perpetuo
999 1670 1223 1750 possidendam.
1247 1671 1328 1733 Mete

128 1780 228 1840 autem
246 1776 384 1859 predicte
398 1776 603 1859 possessionis
625 1776 785 1860 bogartellr
806 1774 916 1861 quibus
939 1797 955 1839 a
980 1777 1136 1858 vicinarijs
1153 1779 1326 1859 possessio·

128 1883 219 1950 nibus
234 1884 434 1967 distinguitur
450 1888 481 1947 et
497 1888 657 1967 separatur
672 1890 763 1968 prout
778 1885 872 1967 ijdem
895 1892 996 1949 vester
1011 1889 1043 1948 et
1063 1890 1168 1948 noster
1190 1876 1326 1948 homines

128 1991 221 2056 nobis
247 1993 415 2058 recitarunt
442 1992 498 2055 boc
526 1992 631 2057 ordine
654 1992 833 2075 procedunt.
855 1993 951 2075 prima
975 1993 1054 2057 enim
1074 1997 1154 2057 meta
1168 1993 1276 2075 insipit
1290 2012 1328 2056 ex

130 2101 223 2182 plaga
239 2099 421 2165 occidentali
439 2101 541 2164 inuno
559 2099 661 2182 Byrcb
678 2099 780 2183 Kapus
798 2101 948 2164 nominato
962 2100 1011 2166 vbi
1030 2101 1240 2164 conuicinatur
1262 2118 1329 2164 cnm

129 2208 332 2292 possessione
353 2206 488 2271 eiusdem
513 2207 625 2271 domini
648 2208 765 2271 abbatis
783 2208 902 2289 ligeres
928 2214 1032 2273 vocata
1057 2211 1086 2271 in
1118 2228 1176 2293 quo
1208 2208 1328 2291 quidem

132 2315 236 2398 Kapus
264 2316 364 2398 Byrcb
392 2336 478 2381 unam
502 2321 609 2379 metam
632 2320 762 2381 terream
786 2315 969 2398 reperiendo
993 2316 1078 2378 aliam
1094 2335 1202 2379 nouam
1219 2321 1329 2378 metam

132 2443 230 2507 penes
247 2424 374 2487 eandem
390 2424 568 2493 erexissent,
586 2422 695 2486 abhinc
712 2424 908 2505 progreditur
925 2444 1032 2487 versus
1048 2422 1166 2505 plagam
1184 2422 1329 2486 meridio-

14 2524 15 2555 ³
133 2531 235 2595 nalem
251 2530 467 2597 descendendo
485 2530 523 2594 ad
539 2530 643 2595 vallem
661 2550 809 2612 magnam,
837 2530 886 2595 vbi
910 2532 969 2594 duo
992 2530 1080 2593 riuuli
1103 2529 1330 2614 MakobiJlepa·

132 2639 203 2704 taba
221 2638 280 2703 alio
297 2641 415 2703 nomine
437 2638 648 2723 Darocbpatalr
665 2642 696 2701 et
719 2637 963 2721 lualrtelkpataba
984 2637 1113 2702 invicem
1136 2636 1258 2708 eadunt,
1281 2639 1330 2702 vbi

14 2758 15 2825 j
130 2748 243 2831 eadem
270 2748 426 2831 possessio
450 2745 633 2829 Bogartelke
661 2749 953 2809 commetanearetur
983 2766 1050 2809 cum
1085 2745 1330 2827 possessionibus

135 2855 294 2921 lnabtelke
322 2855 466 2920 nobilium
486 2854 525 2917 de
541 2854 720 2925 Wasarbel,
746 2861 779 2918 et
800 2853 888 2917 blato
911 2852 1127 2937 episcopalem,
1149 2852 1260 2916 deinde
1275 2872 1332 2935 per

136 2984 259 3029 cursum
277 2985 331 3029 sev
348 2968 475 3027 meatum
493 2963 627 3026 eiusdem
644 2963 732 3026 riuuli
748 2962 934 3027 transeundo
955 2960 993 3025 ad
1008 2960 1118 3025 bonum
1134 2962 1269 3044 spacium
1285 2958 1334 3023 vbi

14 3124 15 3129 ,
134 3072 218 3135 idem
233 3072 350 3136 riuulus
364 3070 446 3134 cadit
462 3070 501 3133 ad
516 3070 639 3133 fluuium
656 3069 767 3141 Nadus,
784 3069 894 3133 abinde
910 3090 966 3152 per
978 3069 1077 3151 ipsum
1093 3070 1214 3133 fluuium
1230 3066 1332 3132 Nadas

135 3199 244 3245 versus
268 3179 386 3263 plagam
414 3177 641 3242 meridionalem
665 3176 819 3242 tendendo
843 3176 882 3240 ad
908 3197 1048 3259 maguum
1076 3176 1209 3259 spacium
1237 3194 1333 3260 usque

138 3286 289 3352 blakotew
305 3286 356 3350 vbi
377 3286 434 3351 sub
457 3285 584 3371 quodam
601 3289 700 3349 monte
723 3304 832 3367 magno
860 3305 955 3368 prope
982 3290 1100 3367 portum
1127 3283 1223 3366 ipsius
1250 3283 1333 3361 duuij

136 3395 239 3460 Nadas
271 3397 321 3477 qui
354 3392 474 3457 scilicet
501 3393 655 3457 scinderet
682 3394 776 3475 ipsam
810 3392 1035 3476 possessionem
1062 3391 1179 3455 abbatis
1205 3396 1237 3455 et
1258 3410 1333 3472 pos·

137 3504 308 3568 sessionem
333 3500 419 3567 Malo
444 3500 624 3565 antedictam
653 3500 727 3563 duas
746 3504 842 3562 metas
864 3506 982 3563 terreas
1000 3516 1123 3581 quarum
1139 3519 1195 3563 vna
1213 3518 1229 3561 a
1247 3503 1334 3581 parte

137 3610 322 3675 occidentali
345 3610 429 3674 dicte
451 3607 639 3694 possessioni
662 3607 844 3689 Bogartelbe
868 3608 924 3670 alia
949 3627 1022 3670 vero
1050 3613 1175 3688 aparte
1208 3604 1335 3668 orientis

138 3718 329 3805 possessioni
345 3718 424 3799 Tyre
441 3722 548 3781 vocate
565 3716 730 3798 episcopali
747 3720 924 3798 separantes
941 3714 1120 3782 erexissent,
1137 3712 1249 3777 deinde
1264 3733 1334 3777 ver·

138 3848 191 3891 sus
207 3826 326 3910 plagam
342 3826 518 3888 orientalem
535 3822 762 3905 progrediendo
779 3821 896 3886 directe
909 3821 1028 3885 scandit
1040 3820 1076 3883 ad
1093 3822 1189 3903 ipsum
1206 3826 1335 3883 montem

139 3953 278 4016 maguum
295 3932 351 3996 sub
368 3952 426 4016 quo
444 3930 525 3995 dicte
541 3930 600 3995 due
618 3935 697 3994 mete
715 3937 818 3995 essent
840 3935 945 3993 erecte
961 3930 991 3991 in
1008 3929 1093 3991 cuius
1116 3928 1286 3991 summitate
1304 3927 1335 3988 in

140 4063 197 4107 vno
220 4041 321 4123 Byrcb
344 4040 419 4103 duas
441 4046 536 4102 metas
565 4042 683 4103 terreas
706 4058 832 4122 quarum
850 4057 907 4099 vna
927 4056 963 4099 ex
977 4036 1066 4118 plaga
1082 4034 1265 4099 occidentali
1279 4036 1336 4098 iam

139 4150 222 4213 dicte
245 4146 433 4233 possessioni
455 4146 637 4227 Rogartelke
662 4146 758 4228 ipsius
785 4144 903 4208 abbatis
926 4148 957 4205 et
979 4143 1036 4206 alia
1054 4163 1070 4205 a
1090 4140 1180 4224 plaga
1197 4139 1337 4204 orientali

137 4257 257 4341 prefate
272 4255 462 4340 possessioni
473 4252 639 4339 episcopali
657 4253 739 4337 'syre
756 4256 933 4336 separantes
949 4252 1130 4313 erexissent.
1144 4247 1263 4312 Abhinc
1279 4268 1336 4331 per

139 4364 268 4430 eandem
293 4365 413 4449 plagam
440 4360 658 4426 descendendo
688 4358 726 4423 de
754 4359 821 4442 ipso
850 4364 951 4423 monte
980 4356 1117 4421 saliendo
1146 4376 1234 4421 vnam
1259 4356 1336 4421 dam

141 4492 279 4555 maguam
307 4475 426 4535 euntem
451 4472 489 4533 de
512 4469 577 4551 ipsa
602 4467 796 4551 possessione
814 4465 996 4549 bogartelbe
1018 4466 1055 4531 nd
1076 4464 1242 4549 predictam
1265 4483 1337 4547 pos·
