3150 5092
316 364 394 439 206
1499 1 1566 456 l

316 541 461 625 precipue
482 541 613 623 benigno
639 542 742 606 lavore
763 541 956 627 prosequitur
973 561 1041 605 cum
1060 539 1170 605 devota
1191 541 1325 624 ipsorum
1348 538 1499 605 humilitas
1564 538 1566 599 i

315 654 484 713 sanctorum
508 648 649 734 precibus
672 654 703 713 et
727 651 843 715 meritis
870 650 1038 716 adiuvatur.
1064 649 1127 732 Qua
1143 655 1279 734 propter.
1287 651 1450 733 cupientes
1468 655 1502 711 ut

315 759 443 823 ecclesia
467 760 590 823 fratrum
611 759 832 844 predicatorum
848 759 886 824 dc
901 758 1103 846 Sebeopureb
1122 755 1412 839 wizzenburgensis
1433 755 1501 820 dio-

315 869 395 931 cesis
412 868 553 949 congruis
569 866 732 933 honoribus
749 887 765 932 a
781 865 895 931 Christi
911 865 1051 933 lidelibus
1068 869 1285 951 frequentetur,
1308 870 1341 930 et
1356 868 1500 952 frequen-

313 979 422 1049 tantes,
451 996 507 1061 pro
534 977 690 1062 temporali
713 976 815 1041 labore
843 975 933 1040 multa
955 976 1067 1040 maiora
1089 974 1236 1039 retribuet
1270 995 1357 1060 quam
1381 975 1502 1041 valeant

312 1088 489 1169 promereri.
520 1084 663 1150 Omnibus
691 1104 762 1149 vere
788 1084 991 1167 penitentibus
1011 1089 1043 1149 et
1064 1084 1214 1149 confessis
1243 1084 1294 1168 qui
1325 1083 1363 1148 ad
1389 1083 1499 1148 dictam

313 1193 474 1258 ecclesiam
490 1194 519 1258 in
542 1195 704 1259 festivitate
726 1193 815 1258 beate
838 1191 971 1279 blarie1)
994 1194 1024 1255 in
1041 1193 1127 1257 cuius
1142 1192 1255 1256 bonore
1270 1192 1350 1257 dicta
1367 1192 1500 1259 eeclesia

313 1308 361 1369 est
376 1308 557 1373 constructa,
574 1308 605 1366 et
620 1304 650 1366 in
666 1302 802 1367 omnibus
818 1302 1031 1368 festivitatibus
1046 1300 1225 1385 subscriptis
1241 1299 1397 1375 videlicet,
1420 1301 1501 1364 nati-

312 1412 427 1485 vitatis,
456 1411 707 1481 resurrectionis,
735 1412 922 1477 assensionis
948 1410 1059 1475 domini
1079 1414 1110 1475 el
1130 1415 1335 1494 pentecostes,
1364 1432 1422 1475 nec
1442 1430 1501 1474 non

313 1519 484 1591 nativitatis,
501 1519 734 1605 purificationis,
751 1518 1003 1591 annunciationis,
1021 1525 1052 1583 et
1066 1518 1284 1603 assumpcionis
1301 1516 1391 1583 beate
1406 1519 1502 1583 blarie

312 1629 437 1710 virginis
461 1630 603 1711 gloriose,
628 1630 659 1692 in
684 1629 965 1693 commemoratione
988 1629 1116 1692 emnium
1133 1634 1313 1699 sanctorum,
1335 1630 1365 1692 in
1382 1628 1501 1691 festivi·

312 1736 424 1801 tatibus
440 1736 640 1820 apostolorum
653 1736 735 1801 Petri
753 1746 784 1801 et
799 1738 881 1801 Pauli
898 1742 929 1800 et
951 1737 1080 1801 omnium
1095 1736 1218 1799 alionum
1235 1736 1450 1820 apostolorum,
1469 1741 1502 1799 et

312 1864 368 1929 per
381 1850 502 1909 octavas
514 1847 645 1929 ipsarum
662 1845 854 1911 festivitatum
869 1845 1040 1910 immediate
1050 1854 1213 1931 sequentes
1229 1865 1285 1909 nec
1302 1866 1363 1910 non
1379 1845 1408 1908 in
1426 1842 1501 1908 bea-

311 1960 417 2026 torum
433 1952 590 2019 Michaelis
614 1954 809 2039 anchangeli,
832 1954 987 2037 Laurentii
1011 1957 1043 2017 et
1064 1953 1147 2017 Petri
1170 1953 1209 2018 de
1232 1954 1338 2018 ordine
1358 1954 1500 2038 predica-

310 2066 418 2135 torum,
433 2066 605 2147 martyrnm
620 2061 737 2128 Nicolai
749 2068 781 2127 el
793 2063 913 2128 blartini
924 2062 1143 2135 confessorum,
1152 2062 1335 2145 Margarete,
1349 2061 1499 2135 caterine,

312 2176 343 2235 et
359 2170 456 2236 blarie
473 2168 667 2253 Mngdalene,
690 2172 919 2247 festivitatibus,
942 2178 971 2236 et
994 2171 1026 2236 in
1040 2170 1230 2237 dedicatione
1242 2171 1376 2237 ecclesie
1391 2192 1501 2255 supra-

310 2280 391 2346 dicte
406 2300 494 2345 causa
511 2279 680 2345 devotionis
702 2286 733 2345 et
749 2283 893 2346 orationis
909 2280 1094 2346 accesserint
1106 2285 1137 2345 et
1153 2279 1265 2344 ibidem
1280 2280 1400 2343 missam
1410 2278 1500 2342 audi-

312 2389 400 2461 erint,
418 2387 466 2453 vel
478 2408 532 2472 pra
544 2409 619 2474 pace
636 2390 814 2457 universalis
831 2391 962 2455 ecclesie
990 2390 1141 2455 oraverint
1167 2394 1267 2453 mente
1288 2388 1349 2473 pia,
1371 2393 1421 2452 aut
1442 2408 1499 2473 pro
1564 2412 1566 2481 g

312 2495 561 2582 reparationibus.
585 2499 851 2573 emendationibus,
873 2499 1042 2571 structuris,
1064 2496 1265 2569 laminaribus‚
1283 2496 1388 2569 calice,
1405 2516 1498 2559 orna·
1563 2547 1564 2570 2

312 2606 429 2678 ruentis,
447 2608 617 2681 structuris,
635 2608 832 2680 vestimentis,
848 2608 942 2680 libris.
957 2607 1108 2691 campanis
1125 2606 1172 2670 vel
1188 2605 1255 2687 alijs
1268 2605 1497 2689 ‘quibuscunque
1563 2609 1564 2622 ¹

315 2716 397 2781 dicte
413 2713 546 2779 ecclesie
558 2717 741 2799 necessarijs
753 2738 856 2780 manus
868 2714 1302 2802 porrexerintadiutriees.Vel
1315 2712 1407 2798 quiin
1419 2712 1499 2776 bona
1563 2733 1564 2736 ¹

313 2825 359 2889 sui
377 2825 510 2908 corperis
523 2825 651 2889 sanitate
668 2845 721 2891 sen
738 2826 829 2890 etiam
844 2824 873 2887 in
887 2825 1030 2890 extremis
1046 2824 1218 2889 laborantes
1230 2824 1388 2907 quicquam
1405 2819 1500 2885 iacul-

312 2938 403 2997 talum
427 2952 546 2997 suarum
575 2933 741 3019 legaverint
766 2933 853 2999 mode
869 2934 951 2999 liciln
968 2935 1099 2999 ecclesie
1115 2934 1288 3017 supradicte
1305 2931 1344 2995 de
1360 2930 1498 3013 omnipo·

311 3043 404 3105 tentis
429 3041 478 3104 dei
501 3041 705 3107 misericordia
728 3048 758 3105 el
781 3042 937 3106 beatorum
958 3043 1040 3107 Petri
1066 3050 1096 3107 et
1112 3042 1196 3106 Pauli
1212 3039 1413 3127 apostolorum
1431 3039 1497 3101 eius
1563 3093 1564 3124 f

312 3149 489 3213 auctoritate
506 3150 621 3214 confisi.
647 3150 765 3234 Singuli
785 3156 918 3213 nostrum
941 3150 1075 3234 singulas
1091 3151 1206 3215 dierum
1228 3149 1437 3237 quadragenas
1459 3145 1500 3210 de
1563 3133 1564 3140 ἵ

309 3258 451 3322 iniunctis
465 3258 523 3323 sibi
536 3258 711 3343 penitentijs
726 3259 965 3323 misericorditer
977 3260 1007 3322 in
1022 3260 1140 3323 domino
1154 3259 1331 3329 relaxamus,
1341 3254 1500 3320 dummodo
1562 3335 1563 3358 χ

312 3367 464 3432 diocesani
481 3367 618 3431 uoluntas
636 3368 673 3431 ad
690 3368 719 3432 id
738 3366 942 3454 accesse(rit)
959 3375 990 3432 et
1008 3388 1184 3433 consensus.
1200 3368 1233 3430 ln
1250 3367 1334 3431 cuius
1349 3365 1396 3429 rei
1410 3364 1500 3428 testi·
1562 3367 1563 3392 ³

310 3475 438 3541 monium
471 3474 661 3560 presentibus
694 3481 796 3540 nostra
827 3475 925 3558 sigilla
957 3474 1134 3564 iussi(mus)
1163 3477 1347 3561 appensione
1378 3472 1498 3536 muniri.

310 3584 414 3648 Datum
436 3585 529 3649 Rome
551 3585 601 3650 die
622 3585 675 3649 XX
699 3587 810 3650 mensis
833 3584 935 3669 llartij
956 3584 995 3648 Xl
1017 3584 1180 3650 indictione
1201 3582 1377 3669 pontificatu
1394 3618 1440 3630 -
1456 3619 1501 3629 —

308 3692 448 3775 Bonifatii
468 3714 547 3780 pape
562 3695 660 3759 octavi
676 3712 752 3760 anno
768 3700 883 3779 quarte.

843 3880 966 3953 ccxli.

787 4017 869 4081 rasa,
889 4019 1021 4074 111111.

397 4126 459 4189 Nes
475 4126 569 4191 irater
584 4127 737 4192 Mattheus
754 4128 793 4193 de
806 4129 928 4202 Palocb,
944 4131 1028 4215 prior
1044 4129 1159 4195 ordinis
1174 4129 1299 4192 iratum
1320 4126 1498 4212 predicato-

306 4254 383 4309 rum,
400 4236 555 4321 ceterique
570 4237 681 4301 fratres
698 4236 737 4301 de
757 4244 904 4304 conventu
921 4238 1046 4305 Albensi
1061 4236 1335 4304 Transsilvaniensi
1352 4236 1498 4301 memorie

338 4502 362 4564 ¹)
378 4508 410 4553 So
428 4505 459 4551 ist
475 4520 521 4552 von
538 4504 602 4552 einer
618 4508 713 4564 spitern
731 4508 795 4553 Haud
818 4507 1013 4568 bincineorrigirt
1037 4511 1143 4557 worden.
1159 4508 1210 4555 wne
1226 4521 1267 4555 aus
1283 4508 1329 4555 deu
1346 4509 1439 4566 dpuren
1456 4508 1497 4553 der

379 4587 489 4633 triberen
506 4588 595 4634 Sebritt
610 4589 804 4648 bervorsugeben
820 4591 921 4647 nebeim,
937 4591 1005 4637 stand
1021 4604 1050 4637 an
1066 4592 1144 4637 dieser
1160 4590 1246 4637 Stella:
1264 4589 1329 4638 besti
1345 4590 1428 4639 Tosne.
