3150 5092
1243 336 1321 408 209

104 502 192 581 jure
209 505 384 589 dyocesano
401 506 433 568 in
448 506 673 573 Moromoriaio
689 513 839 582 uteretur,
859 514 1017 592 antequam
1035 526 1138 572 coram
1157 510 1324 574 venerabili

108 618 212 693 patre
240 612 359 676 domino
376 612 516 678 iohanne
541 616 770 700 archiepiscopo
788 615 961 686 Colocsnsi,
986 616 1216 699 metropolitano
1233 618 1321 682 vide·

107 718 197 783 licet
223 719 335 785 domini
358 722 441 786 Petri
469 723 608 807 episcopi
632 722 842 787 Transsiluani
871 722 931 787 boo
961 724 992 785 in
1026 724 1094 785 iure
1121 726 1321 807 experiretur,

64 915 66 917 Ι
109 831 223 891 utrum
256 834 337 892 terra
373 829 559 893 blaramorus
592 834 699 893 uocata
726 832 805 893 intra
829 831 975 895 terminos
997 835 1028 893 et
1052 828 1163 896 limites
1181 832 1322 916 dyocesis

109 935 350 1001 Transsilvanie
362 939 482 1011 existat,
496 958 554 1001 nec
569 958 619 1002 00.
637 936 771 1024 Cumque
787 937 868 1001 idem
884 935 1066 1001 venerabilis
1082 943 1168 1020 pater
1183 940 1322 1003 dominus

109 1043 359 1118 Transilvanus,
393 1046 559 1109 secundum
594 1051 731 1111 tenorem
770 1047 904 1129 priorum
947 1044 1103 1107 literarum
1140 1051 1321 1118 nostrarum,

110 1156 250 1235 recepto
274 1152 400 1225 nuncio,
425 1174 441 1217 a
469 1153 589 1217 domino
615 1152 754 1217 dobanne
783 1152 1015 1236 archiepiscopo
1047 1153 1186 1235 predicto
1223 1156 1321 1238 ipsum

111 1258 276 1323 dominum
290 1262 465 1344 episcopum
477 1262 666 1343 Agriensem,
685 1261 721 1325 ad
737 1261 920 1343 presentiam
940 1260 1073 1323 eiusdem
1086 1261 1200 1324 domini
1216 1261 1320 1324 archi-

110 1368 260 1451 episcopi
276 1372 308 1431 et
327 1368 451 1431 aliorum
464 1367 646 1451 prelatorum
671 1370 774 1433 vocari
799 1373 1009 1452 procurasset,
1031 1368 1131 1432 dictus
1156 1370 1321 1452 episcopus

113 1476 283 1558 Agriensis
310 1475 348 1539 ad
378 1477 573 1539 vocacionom
602 1476 785 1560 prelatorum
802 1477 906 1539 venire
921 1495 1065 1547 renuens,
1084 1476 1198 1559 absque
1216 1474 1321 1538 huius·

113 1584 205 1646 modi
216 1602 308 1647 cause
320 1584 501 1665 cognicione
516 1585 649 1647 recessit
672 1590 761 1667 prout
777 1582 865 1646 nobis
887 1603 943 1667 per
962 1582 1081 1646 litteras
1104 1584 1200 1667 ipsius
1217 1584 1320 1645 arohi-

113 1692 258 1773 episcopi
276 1688 454 1755 Colocensis
469 1692 604 1755 constitit
619 1690 786 1762 evidenter,
803 1690 882 1755 vnde
899 1712 953 1755 nos
971 1692 1145 1755 conuocatis
1162 1688 1314 1753 nobilibus

114 1800 219 1882 partis
237 1797 328 1872 illius,
352 1798 489 1881 diligenti
505 1800 704 1884 inquisicionc
721 1820 776 1883 000
793 1799 995 1863 venerabilem
1016 1803 1131 1881 patrem
1148 1800 1319 1861 Emericum

117 1908 300 1990 episcopum
319 1905 550 1979 Varadiensem‚
575 1914 605 1971 et
622 1910 770 1971 dominum
797 1908 969 1970 Ladislaum
992 1908 1179 1989 prepositum
1204 1906 1315 1986 Tytili-

118 2034 239 2085 ensem,
253 2013 320 2076 aule
337 2021 441 2077 nostre
453 2015 746 2087 vicecancellarium,
755 2015 914 2097 premissa,
928 2014 997 2099 quia
1010 2015 1188 2085 invenimus,
1204 2020 1319 2077 terram

116 2124 311 2187 lllaramorus
335 2123 502 2205 predictam
526 2146 595 2188 esse
618 2132 649 2188 et
671 2125 766 2189 luisse
789 2125 867 2187 intra
888 2124 1001 2189 limites
1030 2129 1060 2186 et
1082 2126 1227 2186 terminos
1250 2123 1321 2185 dio-

121 2233 206 2295 cesis
223 2232 449 2294 Transsilvanie
464 2251 519 2314 pro
537 2252 572 2295 eo
591 2231 689 2295 habita
708 2232 933 2296 deliberacione
949 2253 1003 2295 vna
1022 2250 1089 2293 oum
1110 2232 1272 2295 baronibus
1290 2238 1321 2294 01

119 2338 309 2419 consiliarijs
326 2339 448 2410 nostris,
465 2338 689 2421 possessionem
707 2340 780 2403 iuris
804 2339 998 2410 dioecesano,
1015 2357 1074 2420 que
1092 2358 1147 2420 per
1163 2338 1320 2401 licenciam

117 2464 253 2529 000000
277 2446 395 2507 domino
419 2446 564 2529 episcopo
589 2448 730 2527 Agriensi
755 2447 853 2510 datam
876 2445 996 2508 turbata
1012 2444 1181 2516 videbatur,
1198 2443 1319 2507 domino

15 2559 17 2578 '
116 2554 266 2637 episcopo
283 2552 509 2626 Transilvanie,
529 2560 560 2617 01
582 2574 637 2636 000
665 2574 732 2615 eum
752 2554 941 2638 episcopatui
953 2551 1152 2616 Transiluano
1176 2551 1315 2616 duximus

116 2660 365 2732 adiudicandam,
394 2667 425 2723 et
455 2660 677 2726 sententialiter
705 2663 937 2731 restituendam,
966 2662 1053 2723 inea
1078 2662 1233 2743 parte,in
1258 2680 1315 2743 qua

117 2767 252 2831 ecclesia
274 2767 489 2841 Transilvana,
511 2790 568 2853 per
590 2790 644 2833 nos
668 2770 742 2845 lesa,
758 2771 807 2833 001
826 2770 941 2832 offensa
958 2766 1125 2839 videbatur,
1143 2768 1217 2830 etin
1234 2769 1317 2851 0001-

16 2903 18 2907 ’
115 2876 205 2939 licam
222 2876 448 2958 possessionem
465 2877 594 2960 predicti
621 2880 695 2941 iuris
724 2898 780 2960 000·
797 2877 937 2940 Mathiam
961 2876 1160 2948 sacerdotem,
1174 2876 1318 2939 dilectum

115 2988 148 3047 01
165 2982 287 3047 fidelem
316 2983 503 3066 capellanum
528 2991 672 3058 nostrum,
696 2988 794 3069 ipsum
812 2985 962 3048 dominum
980 2983 1156 3066 episcopum
1177 2984 1316 3046 Transii-

114 3111 225 3156 vanum
253 3092 382 3155 fecimus
404 3093 565 3157 introduci.
595 3095 701 3157 Datum
725 3094 755 3155 in
783 3098 883 3156 castro
900 3092 1048 3162 Budensi,
1073 3092 1102 3154 in
1133 3093 1211 3155 festo
1237 3089 1319 3154 beati

14 3201 17 3250 ἱ
115 3198 283 3280 Laureneij
308 3218 385 3263 anno
403 3200 515 3263 domini
532 3201 643 3266 M⁰CC⁰
658 3201 852 3283 nonagesimo
867 3220 955 3262 nono.

653 3386 789 3457 ccxvi.

357 3521 443 3584 1299,
464 3523 506 3577 12.
527 3520 1081 3593 0100001101011000010011110000.

210 3632 346 3695 Andreas
371 3632 428 3695 Dei
451 3634 548 3714 gratia
574 3654 626 3697 reu
649 3632 800 3716 Hungarie
820 3638 879 3695 etc.
905 3631 1048 3693 blemorie
1070 3628 1316 3692 commendamus

116 3743 225 3802 tenore
241 3742 426 3821 presentium
444 3740 551 3823 quibus
565 3741 687 3823 expedit
702 3740 862 3803 universis.
882 3738 968 3819 Quod
985 3737 1135 3802 Dctaimcs
1151 3754 1254 3799 comes
1275 3736 1314 3798 de

116 3846 199 3910 01110
206 3847 328 3911 Folium
339 3862 403 3918 000,
419 3852 650 3931 ceterorumque
662 3849 815 3930 hospitum
829 3846 867 3910 de
879 3845 1036 3911 011010011Ιο
1052 3844 1180 3928 partium
1194 3846 1316 3905 nostra-

14 3945 15 3999 3
114 3972 182 4016 rum
205 3953 495 4036 Transsylvanarum
525 3955 702 4024 nominibus,
727 3959 758 4017 01
785 3955 816 4017 10
841 3956 982 4037 personis
1006 3959 1139 4016 nostram
1165 3949 1317 4013 accedens

116 4062 232 4141 regiam
256 4061 448 4125 serenitatem
470 4064 632 4144 queruloso
657 4062 745 4125 nobis
770 4064 922 4145 00000011,
955 4062 1055 4144 quod,
1087 4057 1223 4143 quamvis
1241 4056 1315 4121 dicti

118 4169 256 4251 hospites
274 4190 309 4232 ex
326 4170 525 4233 concessione
549 4169 659 4233 domini
677 4170 823 4254 quondam
840 4168 914 4231 Belo
930 4170 1013 4250 regis
1035 4167 1188 4249 ilungarie
1204 4165 1317 4248 prede-

119 4277 255 4341 cessoris
272 4279 367 4340 nostri
383 4277 481 4340 lelieis
504 4279 736 4350 recordationis,
759 4276 796 4339 ab
820 4264 912 4341 onere
935 4276 1167 4359 prestandorum
1183 4276 1213 4337 10
1230 4294 1316 4337 00000

116 4383 302 4447 dominarum
330 4386 500 4467 reginarum
522 4385 643 4470 pellium
666 4384 824 4449 lelinorum
841 4386 879 4448 ob
896 4384 976 4470 quod
994 4382 1119 4466 speciali
1142 4382 1313 4465 privilegio,

118 4492 298 4576 nomineque
321 4492 391 4556 ville
419 4494 522 4556 felium
551 4495 588 4558 ab
616 4493 702 4556 initio
726 4494 889 4558 mansionis
917 4492 1082 4556 eorundem
1107 4490 1258 4573 hospitum
1275 4512 1311 4554 00

150 4626 246 4673 Fontes.
265 4627 336 4671 noth.
352 4628 378 4672 11.
394 4627 434 4671 Bd.
451 4628 497 4673 XV.
1064 4617 1099 4668 14
