3150 5092
1247 305 1298 376 59

84 483 188 544 etiam
204 489 322 546 terram
342 484 412 566 ipse
434 504 537 547 eomes
554 481 708 546 decedens
726 505 742 546 a
759 481 864 545 seculo
880 480 942 543 tilie
957 501 1023 551 sue,
1046 483 1131 544 uxori
1152 480 1300 566 Stephani

83 589 218 653 comitis
237 589 275 654 de
292 609 408 670 genere
428 590 525 653 Xatlna
550 590 722 660 dimiserat;
746 589 783 653 alr
801 589 907 651 cadem
928 589 1046 652 domina
1063 609 1119 672 pro
1136 588 1169 651 C.
1186 589 1298 652 marcis

85 698 352 780 comparavimus,
368 716 456 779 quam
472 702 585 760 terram
606 697 743 781 predicta
761 695 878 761 domina
896 695 1031 760 vendidit
1047 696 1086 759 ol)
1102 696 1297 780 multiplicem

83 807 285 868 vexationem
311 805 392 868 Petri
415 805 468 868 filii
492 805 583 868 llohe
611 803 667 890 (al.
685 802 791 886 Gohe)
816 804 985 885 degenere
1002 802 1134 886 Goplon3
1157 805 1188 866 in
1211 805 1296 868 cuins

82 916 178 974 terre
201 913 334 996 pretium
349 917 461 975 terram
489 917 619 976 nostram
642 912 799 997 quamdam
821 912 851 974 in
868 910 1011 974 comitatu
1027 911 1140 984 Zonuc,
1162 910 1295 976 diecesis

85 1019 305 1083 Ultrasiluane
321 1021 419 1093 sitam,
435 1017 473 1083 ab
491 1021 598 1084 eodem
616 1021 756 1084 comitatu
774 1024 929 1102 exceptam
946 1023 978 1082 et
993 1024 1152 1095 exemtaru,
1176 1019 1294 1082 nomine

87 1127 240 1192 Seilovas
264 1147 320 1211 pro
349 1129 384 1190 L.
403 1130 512 1190 marcis
529 1128 567 1191 de
591 1165 631 1176 -
649 1128 837 1191 —eandem
853 1127 1001 1190 dominam
1017 1127 1048 1189 in
1070 1127 1296 1209 possessionem

85 1235 238 1318 predicte
253 1240 336 1300 terre
349 1256 403 1320 per
418 1234 538 1298 fidelem
553 1242 685 1300 nostrum
704 1237 825 1300 Petrum
840 1234 933 1297 lilium
945 1234 1036 1305 Acus,
1055 1234 1181 1296 fecimus
1199 1234 1294 1296 intro-

86 1343 175 1407 duci.
202 1344 353 1407 Residuas
377 1349 475 1406 antem
499 1345 533 1407 L.
551 1363 668 1406 marces
684 1342 783 1406 eidem
797 1344 918 1406 domine
942 1343 1086 1405 solvimus
1100 1341 1133 1402 in
1155 1349 1291 1422 argento.

84 1451 201 1535 Neque
218 1451 358 1534 predicta
374 1455 453 1514 terra
470 1450 606 1514 Seiloras
625 1454 752 1534 possita
770 1471 919 1535 quoquam
935 1454 1105 1514 nostrorum
1128 1468 1292 1511 successo-

84 1581 157 1622 rum
183 1559 296 1640 recipi,
319 1564 369 1623 ant
390 1579 405 1621 a
430 1561 536 1642 quovis
553 1559 770 1623 calumniatore
786 1560 975 1640 attemptari3
999 1558 1053 1620 sed
1070 1575 1191 1638 semper
1207 1557 1290 1620 salva

85 1673 121 1731 et
132 1669 321 1730 inconcussa
337 1671 523 1750 permaneat,
538 1673 598 1730 tam
616 1666 694 1751 apud
710 1668 807 1750 ipsam
823 1667 980 1736 dominatu,
997 1685 1085 1748 quam
1101 1664 1181 1747 apud
1205 1684 1288 1727 suam

84 1776 315 1857 posteritatem,
344 1779 515 1858 presentem
544 1776 748 1838 concessimus
776 1774 915 1857 paginam
940 1773 1069 1858 duplicis
1085 1773 1178 1854 sigilli
1194 1774 1290 1836 nostri

83 1883 257 1947 munimine
273 1884 302 1944 in
319 1887 496 1965 perpetuum
512 1881 693 1944 roboratam.
721 1879 827 1944 llatum
844 1899 920 1944 anno
936 1880 1054 1944 Domini
1078 1880 1287 1945 dccxxxiv.

82 1991 190 2072 Regni
206 1994 307 2052 eutem
324 1991 420 2053 nostri
437 2010 513 2053 anno
530 1989 616 2052 XXX.

638 2175 732 2245 LVll.

648 2313 728 2366 12³5.

184 2419 258 2482 Bela
284 2420 341 2482 Dei
370 2423 467 2501 gratia
494 2441 547 2484 rex
579 2424 799 2505 primogenitus
828 2426 916 2504 regni
941 2424 1093 2507 llungarie
1116 2429 1176 2488 etc.
1213 2423 1288 2485 Uni·

86 2527 192 2589 versis
210 2533 373 2610 presentes
390 2530 492 2592 literas
510 2532 693 2612 inspecturis
722 2533 848 2594 salutem
872 2535 902 2594 in
927 2552 974 2603 eo,
994 2533 1044 2615 qui
1061 2532 1144 2595 salus
1160 2531 1288 2594 omnium

85 2639 148 2697 est.
176 2633 253 2696 Cum
269 2633 425 2698 voluntate
446 2639 542 2720 patris
560 2639 654 2700 nostri
683 2644 714 2701 et
736 2644 851 2702 maturo
879 2641 1049 2723 principum
1077 2644 1160 2702 terre
1186 2644 1289 2701 nostre

85 2741 219 2804 consilio
251 2746 483 2825 perpetuitatem
513 2745 705 2819 donationes,
742 2747 890 2811 inutiliter
921 2748 1034 2820 factas,
1063 2767 1286 2818 revocaremus,

85 2847 201 2912 obtulit
228 2849 315 2912 nobis
338 2851 457 2916 Clamo
481 2852 558 2918 lilius
579 2856 644 2919 Lod
671 2859 754 2918 terre
784 2860 888 2919 nostre
915 2855 1022 2919 nobilis
1039 2854 1188 2940 quoddam
1220 2855 1286 2937 pri-

84 2957 234 3039 vilegium
260 2959 312 3041 pie
338 2961 557 3024 recordationis
589 2963 637 3025 ari
669 2964 765 3026 nostri
782 2965 929 3047 quondam
952 2963 1025 3028 Bele
1049 2966 1132 3046 regis
1155 2983 1284 3028 conces·

83 3085 155 3154 sum
172 3085 267 3148 super
284 3066 446 3131 donatione
462 3087 568 3130 norem
596 3074 743 3133 terrarum
761 3091 815 3134 seu
833 3072 1069 3156 possessionum,
1091 3072 1170 3155 quod
1197 3075 1284 3154 post·

82 3173 207 3234 modum
232 3173 311 3255 apud
335 3193 407 3244 nos,
432 3193 506 3238 casu
522 3176 678 3242 accidente
700 3178 748 3242 vel
768 3199 805 3241 ex
820 3180 1050 3263 improvidentia
1066 3184 1115 3241 est
1130 3179 1281 3241 amissum.

83 3279 149 3342 Nos
182 3297 257 3361 ergo
289 3281 516 3345 considerantes
548 3283 640 3347 fidele
668 3291 699 3349 et
731 3287 1015 3351 excellentissimum
1040 3287 1192 3349 servitium
1216 3287 1282 3350 Lod

81 3388 179 3469 patris
195 3389 292 3472 ipsius
309 3393 340 3452 et
358 3389 474 3453 Pdeme
488 3391 591 3454 fratris
605 3392 751 3473 ejusdem,
777 3395 857 3479 qnod
878 3394 1078 3459 exhibuerunt
1104 3396 1135 3457 in
1157 3392 1279 3468 Grecis,

82 3493 218 3560 fideliter
240 3497 433 3578 invigilantes
454 3501 540 3580 regie
561 3501 711 3582 maJestati
739 3510 771 3566 et
799 3503 905 3567 honori
928 3523 1025 3586 usque
1058 3502 1094 3565 ad
1124 3502 1281 3582 sanguinis

83 3603 262 3667 effusionem
280 3603 449 3668 dimicando
463 3627 497 3670 se
515 3609 601 3671 morti
617 3609 741 3672 tradere
759 3631 817 3673 non
834 3612 1041 3675 formidantes.
1057 3612 1188 3692 Quorum
1206 3630 1280 3692 pro-

82 3709 207 3774 bitatem
225 3717 255 3774 et
268 3713 396 3794 insignia
413 3714 489 3777 faeta
506 3719 537 3777 et
554 3716 678 3779 servitia
694 3715 826 3780 fideliter
840 3719 972 3782 exhibita
996 3720 1192 3806 Ompodr'oea
1207 3721 1279 3782 tunc

5 3869 6 3889 ,
83 3817 180 3882 banus
204 3826 235 3882 et
250 3821 457 3886 Leustacltius
473 3823 606 3886 walvoda
628 3825 665 3887 ad
687 3846 776 3889 aures
796 3827 868 3890 Bele
891 3827 974 3909 regis
996 3833 1028 3889 et
1043 3828 1176 3892 notitiam
1193 3833 1279 3891 retu-

81 3926 195 3997 lerunt,
213 3947 279 3990 cum
297 3929 404 4012 quibus
421 3930 494 3994 dicti
510 3929 647 3994 homines
664 3932 881 4007 militaverunt;
903 3940 935 3997 et
950 3939 1132 4018 proptertot
1148 3935 1279 4016 insignia

5 4085 6 4088 ,
81 4033 223 4098 virtulum
241 4040 271 4098 et
287 4038 355 4118 quia
373 4037 480 4100 merito
498 4058 555 4101 non
574 4038 686 4102 debent
703 4031 874 4106 defraudari
892 4044 1018 4125 premia,
1033 4045 1105 4107 Bela
1122 4065 1184 4115 rex,
1204 4065 1277 4107 avus

5 4193 6 4196 ,
80 4149 197 4212 noster,
215 4145 341 4206 cuntulit
359 4151 390 4208 et
402 4145 523 4208 donavit
538 4147 604 4210 luch
622 4150 652 4210 et
667 4148 784 4210 Thome
797 4170 851 4231 pro
866 4151 1020 4215 fidelitatis
1036 4172 1090 4214 sue
1107 4151 1276 4214 constantia

5 4281 6 4292 ³
81 4251 313 4332 possessiones,
335 4253 488 4316 videlicet:
519 4253 703 4340 Wessecl1),
734 4257 1007 4344 coherceret),
1029 4258 1273 4345 Fiacatelelec⁸)‚

83 4411 407 4424 Ἢ

5 4470 6 4500 ³
104 4492 129 4553 1)
148 4495 459 4542 veresrmnooeeeona.
494 4495 518 4554 ep
532 4497 731 4551 osroenorum.
765 4497 952 4559 psusennes.

5 4666 6 4710 l
132 4689 140 4724 t
