3150 5092
659 342 758 411 82

661 516 1022 599 benignitate
1054 517 1215 580 sedis
1247 518 1577 600 apostolice
1611 516 1932 599 specialem
1955 517 2206 597 gratiam
2244 515 2652 602 consequaris,
2718 520 2786 580 In
2820 522 3035 580 nostra

657 624 948 711 alquidem
1003 624 1353 688 constitutus
1403 624 1702 707 presentia
1755 624 2046 698 retulisti,
2093 625 2250 709 quod
2311 646 2444 689 cum
2501 626 3035 690 archidiaconatus

661 744 793 798 tuus
847 732 923 797 de
987 731 1242 796 Sassvar
1288 752 1488 796 curam
1544 732 1776 796 habens
1824 733 2143 797 animarum
2203 753 2483 798 annexam
2548 734 2638 798 sic
2697 736 2758 797 in
2825 733 3036 798 ultima

657 848 824 928 parte
855 842 1028 924 regni
1058 839 1325 924 Ungarie
1373 843 1728 906 constitutus
1779 844 1857 906 ita
1892 843 2049 930 quod
2082 843 2241 906 inter
2273 863 2403 905 eum
2436 852 2495 906 et
2526 843 2842 924 regionem
2876 844 3036 906 Tar·
3139 899 3141 905 .

661 960 916 1016 tarorum
965 950 1118 1014 nulla
1161 950 1455 1014 bominum
1503 950 1791 1015 habitatio
1837 972 2085 1035 prorsus
2127 953 2370 1028 existat,
2426 951 2795 1016 venerabilis
2837 952 3035 1015 frater

661 1066 866 1126 noster
902 1109 916 1123 .
940 1105 986 1123 ..
1026 1061 1346 1144 episcopus
1387 1060 1816 1125 Ultrasilvanus
1860 1067 2113 1144 paterno
2158 1061 2373 1124 affectu
2416 1060 2820 1125 considerans
2867 1061 3032 1145 quod

657 1180 717 1232 Iu
753 1171 829 1234 de
871 1169 1202 1234 redditibus
1248 1168 1766 1235 archidiaconatus
1812 1170 2117 1252 ejusdem,
2173 1175 2378 1255 utpote
2426 1191 2537 1234 non
2584 1171 3028 1236 excedentibus

657 1280 917 1345 valorem
950 1301 1203 1344 annuum
1235 1299 1443 1344 novem
1477 1299 1809 1344 marcarum
1843 1281 2077 1360 argenti
2112 1280 2421 1344 commode
2452 1301 2568 1344 non
2600 1288 2852 1366 poteras
2890 1303 3030 1346 sus-

661 1392 899 1463 tentari,
933 1389 1339 1475 parochialem
1371 1388 1695 1453 ecclesiam
1720 1410 1831 1452 seu
1861 1388 2195 1473 plebaniam
2229 1390 2302 1453 de
2339 1391 2556 1456 Winclz
2603 1411 2710 1454 sue
2760 1391 3032 1454 diocesis

661 1520 856 1564 curam
891 1498 1209 1563 habentem
1242 1499 1584 1570 animarum,
1617 1503 1757 1561 tunc
1789 1504 2097 1563 vacantem
2128 1498 2393 1582 nullique
2436 1498 2534 1561 alii
2566 1498 2642 1561 de
2666 1499 2811 1579 jure
2845 1499 3029 1562 debi-

657 1620 794 1685 tam,
826 1608 933 1672 tibi
966 1611 1143 1692 prout
1175 1606 1487 1691 spectabat
1519 1626 1650 1669 eam
1682 1607 1843 1670 duxit
1869 1607 2153 1670 canonice
2187 1606 2626 1670 conferendam.
2678 1606 2831 1689 Quia
2880 1627 3027 1672 vero

661 1720 888 1781 fructus
921 1738 1030 1780 seu
1050 1722 1374 1802 proventus
1399 1716 1588 1800 ipsius
1608 1715 1871 1780 ecclesie
1899 1715 1991 1779 vel
2008 1714 2309 1798 plebania,
2336 1715 2491 1779 sicut
2518 1714 2763 1787 asseriS,
2791 1718 3027 1799 septem

665 1846 988 1891 marcarum
1022 1827 1254 1908 argenti
1288 1845 1538 1888 annuam
1571 1824 1887 1889 valentiam
1920 1827 2016 1889 vix
2050 1826 2362 1898 excedunt,
2390 1845 2499 1888 nos
2531 1824 2743 1887 intuitu
2792 1825 3029 1887 charis-

661 1935 788 1997 simi
818 1935 878 1998 in
911 1933 1148 2000 Christo
1183 1935 1287 1998 filii
1322 1937 1507 2000 nostri
1538 1936 1604 1998 B.
1637 1935 1904 2017 Ungarie
1935 1933 2099 2016 regis
2134 1934 2398 2006 illustris,
2426 1934 2595 2016 cujus
2628 1934 2687 1996 in
2720 1941 2785 1996 te
2822 1935 3025 1997 nuntio
3139 1927 3142 2007 ζ

661 2065 764 2108 sno
811 2044 1078 2109 volumus
1124 2045 1419 2107 honorare
1465 2064 1782 2127 personam
1838 2045 1955 2108 tuis
1990 2040 2523 2127 supplicationibus
2556 2048 2920 2118 annuenteS‚
2967 2047 3029 2106 ut
3141 2112 3142 2121 χ

657 2153 813 2216 veris
873 2154 1262 2218 existentibus
1306 2155 1686 2237 supradicti8‚
1744 2153 1971 2217 eisdem
2016 2152 2555 2217 archidiaconatum
2603 2159 2663 2214 et
2695 2151 3023 2215 ecclesiam

661 2283 764 2326 seu
808 2261 1144 2346 plebaniam
1185 2262 1350 2326 licite
1403 2283 1471 2326 ac
1504 2262 1693 2326 libere
1725 2260 2251 2336 valeas‘retinere,
2302 2281 2418 2324 non
2464 2260 2736 2323 obstante
2789 2261 3024 2324 consti-

657 2373 882 2436 tutione
918 2371 1157 2437 concilii
1188 2373 1512 2454 generalis,
1554 2379 1616 2436 te
1658 2393 1787 2436 cum
1822 2372 2177 2437 auctoritate
2210 2369 2535 2454 apostolica
2576 2370 3019 2452 dispensamus

661 2484 740 2544 lta
794 2485 993 2545 tamen
1046 2481 1204 2565 quod
1241 2481 1757 2545 archidiaconatus
1813 2485 1873 2545 et
1928 2480 2189 2545 ecclesia
2245 2501 2354 2544 seu
2409 2478 2686 2563 plebania
2740 2478 3021 2564 predicta

653 2591 874 2655 debitis
909 2611 1024 2654 non
1055 2591 1407 2656 fraudentur
1443 2592 1750 2676 obsequiis
1789 2597 1852 2655 et
1894 2591 2216 2654 animarum
2259 2611 2401 2653 cura
2434 2590 2492 2651 in
2544 2591 2632 2650 eis
2682 2589 3021 2652 nullatenus

661 2699 1016 2782 negligatur.
1065 2700 1227 2764 Nulli
1271 2721 1419 2782 ergo
1455 2707 1569 2763 etc.
1637 2701 1845 2764 Datum
1891 2699 2046 2784 apud
2102 2697 2320 2762 Urbem
2374 2703 2638 2760 veterem
2671 2699 2856 2761 tertio
2890 2698 3020 2761 idus

665 2808 862 2872 Martii
895 2829 1048 2873 anno
1080 2808 1200 2873 111⁰.

1657 2977 1990 3047 LXXXIII.

1752 3116 1912 3170 1264.

829 3227 1172 3310 Stephanus
1230 3225 1345 3290 Dei
1394 3228 1583 3309 gratia
1645 3227 1842 3291 iunior
1905 3247 2010 3290 rex
2054 3223 2348 3306 Vngarie‚
2414 3224 2527 3287 dux
2574 3222 3012 3293 Transilvanie,

657 3336 925 3400 dominus
972 3331 1358 3398 Comanorum
1414 3335 1687 3399 omnibus
1736 3333 1958 3398 Christi
2001 3333 2280 3397 fidelihus
2342 3339 2681 3417 presentem
2741 3335 3013 3415 paginam

653 3443 1011 3528 inspecturis
1063 3442 1312 3507 salutem
1369 3444 1428 3506 in
1474 3444 1726 3507 omnium
1784 3444 2101 3508 salvatore.
2153 3441 2257 3505 Pie
2301 3443 2515 3505 mentis
2549 3442 2916 3506 desiderium
2947 3459 3011 3504 ac

653 3551 943 3616 laudande
976 3551 1423 3616 deliberationis
1459 3551 1877 3616 diffinitionem
1919 3552 2308 3636 religiosique
2340 3551 2633 3636 propositi
2677 3551 3010 3634 puritatem,

653 3660 1026 3724 celsitudinis
1059 3663 1230 3744 regie
1266 3662 1548 3744 congruis
1582 3662 1885 3726 favoribus
1918 3662 2203 3742 intelligit
2227 3660 2602 3730 attollendas,
2650 3661 2754 3744 qui
2797 3659 2871 3722 ad
2904 3659 3010 3720 hoc

649 3789 827 3851 reges
861 3792 1043 3855 super
1068 3777 1282 3853 gentes
1317 3777 1378 3833 et
1411 3791 1594 3853 regna
1628 3773 1983 3836 constitutos
2017 3793 2050 3834 a
2083 3771 2315 3834 domino
2352 3769 2711 3840 considerat,
2749 3775 2813 3832 ut
2849 3767 3008 3830 evel-

653 3880 773 3942 lant
805 3885 867 3943 et
895 3879 1192 3963 dissipent
1223 3881 1432 3952 noxia,
1491 3886 1554 3943 et
1600 3881 1879 3944 virtutum
1929 3881 2243 3944 seminaria
2276 3883 2598 3943 animarum
2641 3877 3009 3961 profectibus

649 3993 975 4072 opportuna
1023 3988 1306 4052 edificent
1351 3995 1526 4073 atque
1568 3989 1853 4072 plantent.
1916 3988 2095 4053 Cordi
2150 3989 2333 4071 igitur
2376 3988 2559 4052 debet
2590 3985 2840 4068 regibus
2876 4004 3005 4048 esse

649 4104 826 4181 atque
858 4117 1023 4169 cure,
1058 4102 1120 4160 ut
1153 4117 1244 4169 ea,
1279 4118 1395 4182 que
1429 4118 1536 4181 pro
1571 4098 1776 4180 quiete
1808 4097 2099 4179 religiose
2132 4097 2600 4163 conversationis
2634 4100 2776 4158 sunt
2806 4094 3008 4177 dispo-

649 4208 761 4268 sita
795 4210 857 4268 et
888 4206 1206 4270 salubriter
1249 4206 1538 4278 ordinata,
1582 4227 1692 4270 nec
1744 4207 2009 4290 ipsorum
2053 4226 2259 4288 regum
2294 4204 2690 4269 dissimulatio
2724 4202 3004 4286 negligat,

649 4332 759 4376 nec
786 4313 1034 4378 aliorum
1060 4312 1386 4398 plectibilis
1411 4313 1606 4398 possit
1624 4316 1950 4396 presumtio
1970 4314 2341 4398 perturbare.
2370 4313 2627 4377 Proinde
2645 4332 2756 4376 nos
2782 4312 3005 4376 media-

645 4428 836 4486 tnrem
870 4425 982 4488 Dei
1017 4430 1079 4489 et
1108 4424 1407 4488 hominum
1437 4424 1687 4488 Jhesum
1730 4423 2029 4490 Christum
2073 4432 2135 4490 et
2176 4425 2614 4490 sanctissimam
2658 4424 2794 4505 ejus
2836 4423 3004 4504 geni-

645 4532 877 4600 tricem,
910 4552 1025 4617 que
1057 4533 1172 4595 mei
1206 4535 1384 4617 regni
1417 4533 1697 4617 specialis
1732 4534 1935 4596 existit
1980 4534 2209 4597 domina
2242 4538 2305 4597 et
2327 4539 2596 4617 patrona,
2628 4531 3005 4595 intendentes
