3150 5092
1199 325 1269 398 171

24 559 25 562 ,
99 515 274 578 existentem
304 517 423 594 tegent,
457 511 614 575 duodecim
639 531 754 575 marcas
779 510 938 592 accipient.
983 507 1054 570 ltem
1077 525 1144 571 cum
1175 503 1273 566 ulam

24 577 32 718 l

98 623 273 686 existentem
289 621 366 684 inter
383 621 506 686 eandem
522 622 638 692 turrim,
655 628 685 685 et
700 641 795 685 cornu
811 618 962 682 sinistrum
984 616 1168 699 cooperient,
1187 613 1274 676 modo

27 731 28 798 j
97 729 183 794 simili
208 729 363 794 duodecim
385 729 681 814 marcashabehunt.
711 731 783 794 ltem
811 727 961 812 accipient
981 724 1136 802 duodecim
1159 742 1275 786 marcas

27 1104 30 1148 l

95 845 252 921 postquam
279 838 454 924 cooperient
482 841 579 904 wltam
608 837 742 911 finalem,
776 837 812 901 ab
839 839 906 921 ipsa
935 837 1009 900 turri
1026 853 1132 898 uersus
1160 838 1273 914 partem

96 946 310 1012 occidentalem
323 948 560 1031 protendentem.
584 949 658 1012 ltcm
682 953 833 1033 postremo
849 967 917 1011 cum
938 965 1014 1028 opus
1031 963 1122 1027 super
1136 959 1274 1022 maguum

94 1054 234 1126 hostium,
252 1055 288 1119 alo
307 1057 475 1130 occidente,
492 1058 633 1142 inprime
650 1058 828 1121 nominatum
847 1075 943 1139 usque
963 1073 1064 1116 arcem
1088 1072 1142 1117 seu
1165 1069 1272 1134 cupre·

96 1163 226 1227 mitatem
243 1165 315 1229 ulte
328 1163 425 1228 finalis
443 1165 499 1230 crit
522 1172 690 1251 reparatum
713 1171 743 1230 et
765 1163 936 1236 tabulatum,
962 1163 1041 1226 sicut
1060 1164 1144 1245 prius
1165 1160 1274 1230 iuerat,

93 1270 242 1336 dabuntur
264 1272 372 1354 ijsdem
397 1274 592 1358 carpentarijs
618 1296 671 1338 sex
694 1293 794 1338 marce
816 1273 955 1344 residue,
979 1278 1012 1336 ct
1027 1271 1131 1352 viginti
1148 1274 1273 1354 quatuor

95 1380 169 1445 wlne
186 1381 226 1445 de
242 1381 327 1446 dorni
350 1385 440 1466 panni
456 1384 620 1448 memorati.
648 1384 690 1446 lta
714 1390 829 1454 tamen,
849 1381 929 1467 quod
946 1379 1048 1445 claros
1069 1384 1101 1444 et
1123 1377 1272 1461 ligamina,

95 1508 128 1553 ac
144 1489 202 1553 alia
216 1493 400 1565 necessaria,
418 1492 499 1556 daloit
510 1492 644 1557 dominus
657 1494 827 1577 episcopus,
852 1497 884 1554 ct
899 1489 979 1574 quod
996 1489 1090 1553 eciam
1111 1486 1273 1568 lignamina

94 1599 199 1672 omnia,
217 1599 321 1684 quovis
337 1600 424 1665 modo
440 1602 599 1674 nominata,
616 1608 647 1666 et
662 1602 844 1673 necessaria,
864 1599 903 1664 de
919 1599 1005 1670 silua,
1023 1599 1103 1662 terre
1119 1597 1155 1660 ad
1171 1596 1273 1660 eccle-

97 1708 167 1771 siam
189 1707 342 1796 tenebitur
362 1709 498 1773 dominus
516 1713 686 1795 episcopus,
710 1711 763 1774 sed
787 1729 858 1774 cesa
881 1712 911 1772 et
933 1714 1028 1779 secta,
1051 1714 1270 1789 reproperata,

96 1837 187 1902 usque
205 1818 513 1901 consumpmacionem
529 1818 629 1882 totalis
647 1819 758 1902 operis,
777 1824 863 1883 crunt
879 1839 934 1902 per
955 1819 1038 1903 ipsos
1055 1816 1271 1898 carpentarios,

27 1994 31 2017 τ
95 1931 123 1988 ei
138 1924 270 1998 labores,
296 1945 330 1990 ac
348 1947 494 2010 expensas
516 1927 689 1992 eorundem.
711 1929 783 1992 ltem
807 1927 973 1998 notandum,
990 1924 1069 2009 quod
1088 1929 1182 1999 totum
1200 1943 1271 2006 pre·

93 2034 200 2098 dictum
214 2055 290 2118 opus
307 2037 437 2099 ecclesie
453 2036 533 2100 beati
549 2037 704 2101 Michaelis
717 2035 900 2117 archangeli,
917 2042 950 2098 ut
961 2035 1074 2119 absque
1087 2034 1165 2096 omni
1180 2034 1273 2094 inter·

24 2185 25 2190 κ
93 2141 176 2216 uallo,
206 2149 240 2207 et
260 2143 447 2208 mediacioue
467 2146 591 2209 alicuius
608 2145 731 2210 alterius
748 2147 848 2228 operis
871 2166 927 2228 per
943 2145 1095 2229 predictos
1112 2146 1271 2225 carpenta·

24 2293 31 2345 '.
93 2250 150 2314 rios
165 2254 248 2316 iuxta
265 2258 383 2337 pactum
400 2254 575 2336 premissum
592 2259 781 2337 procuretur,
804 2261 836 2318 et
850 2255 944 2317 cicius
962 2272 1047 2339 quam
1064 2271 1134 2314 esse
1150 2247 1271 2336 poterit,

24 2354 31 2390 ³
94 2359 275 2442 perficiatur,
283 2383 336 2445 pro
350 2362 469 2445 Syfrido
483 2369 514 2426 et
526 2363 652 2434 dacobo,
669 2364 836 2436 antedictis,
850 2361 1149 2446 magisterdrnoldus
1161 2378 1272 2423 conca-

24 2511 25 2514 *
95 2470 214 2533 nouicus
239 2477 357 2543 noster,
378 2491 432 2554 pro
457 2472 612 2536 Herbordo
633 2472 781 2557 predicto,
800 2493 901 2537 comes
920 2471 1022 2536 Daniel
1038 2471 1077 2534 de
1096 2466 1222 2538 Wrbon.
1240 2470 1271 2530 et

94 2596 144 2658 pro
160 2580 244 2643 Henc
262 2587 434 2650 memorate.
452 2602 553 2647 comes
569 2583 673 2646 Daniel
690 2581 765 2648 lilius
789 2581 861 2645 Chol
877 2579 1069 2644 fideiussores
1086 2579 1271 2647 exstiterunt,

24 2731 25 2735 ,
94 2693 175 2765 pacto
199 2687 368 2768 hujusmodi
385 2691 601 2755 interveniente
615 2695 693 2756 iuter
709 2695 802 2777 ipsos,
825 2690 903 2774 quod
921 2690 947 2754 si
963 2709 1049 2774 quem
1067 2686 1273 2771 carpentario·

95 2814 166 2870 rum,
183 2796 264 2859 lecto
281 2798 469 2878 egritudinis,
487 2799 535 2863 uel
552 2807 647 2866 morte
671 2803 860 2884 contingeret
881 2798 1045 2883 prepediri,
1061 2795 1197 2880 equalem
1215 2794 1272 2858 sibi

94 2905 326 2987 carpentarium,
348 2927 421 2970 suus
444 2907 601 2972 fideiussor
631 2910 765 2976 invenire
788 2911 894 2982 debet,
917 2915 949 2972 et
969 2914 1103 2973 statuere
1120 2905 1156 2970 ad
1173 2905 1271 2988 ipsum

95 3031 173 3094 opus,
191 3015 289 3078 donec
304 3035 360 3099 per
375 3017 494 3081 modum
510 3017 641 3082 debitum
668 3020 698 3082 in
719 3025 781 3084 toto
809 3017 992 3103 perficiatur.
1017 3017 1124 3081 Datum
1147 3015 1270 3078 infesto

95 3123 276 3187 ascensionis
291 3123 411 3197 domini,
434 3145 509 3190 enno
527 3127 659 3190 eiusdem
677 3127 807 3192 ltl⁰.CC⁰.
824 3130 1015 3212 nonagesimo
1032 3126 1136 3211 primo.

598 3315 758 3388 CLXXIV.

508 3451 586 3514 1291,
605 3452 650 3506 aa.
666 3453 739 3520 suns
756 3453 849 3508 oren.

177 3601 185 3618 .
197 3556 477 3642 ..archiepiscopus
485 3559 658 3626 Colocensis
669 3612 692 3628 ..
705 3613 712 3626 .
728 3560 1269 3647 Quinqueecclesiensisauleillustris

95 3662 329 3746 regisllungarie
341 3668 608 3741 cancellarius‚Ph.
618 3673 782 3746 Vaoiensis,
797 3674 977 3755 auleregine
989 3673 1197 3743 cancellarius,
1210 3671 1270 3734 Lo-

95 3766 1269 3862 domeriusVaradiensis,'ly—Zagrahiensis,-lauriensis-Transsiluanus

24 3931 26 3956 ,
96 3879 122 3937 et
136 3877 234 3948 Potito
243 3881 424 3964 syrmiensis
436 3887 632 3952 ecclesiarum
646 3892 780 3975 episcopi
793 3891 964 3976 prepositis,
980 3890 1147 3961 abbatibus,
1160 3888 1268 3971 priori·

94 3981 153 4058 hus,
174 3989 329 4072 plebanis.
348 3997 379 4057 et
396 3995 609 4076 parochialium
632 3998 827 4064 ecelesiarum
843 3999 1051 4066 sacerdotibus
1070 3996 1224 4081 universis!
1238 3997 1269 4060 iu

94 4089 193 4162 ducatu
200 4099 413 4166 Transsilreno
428 4105 595 4168 constitutis
606 4105 684 4192 (tam
699 4106 754 4193 ad)
763 4115 878 4192 partem
886 4109 1126 4174 Treussilranam
1135 4126 1220 4193 quam
1230 4106 1269 4170 ad

95 4211 217 4269 sanctam
224 4205 461 4290 strigoniensem
475 4212 862 4298 ecclesiampertinentibus
871 4219 997 4282 salutem
1012 4219 1042 4282 in
1057 4218 1175 4283 domiuo
1187 4236 1268 4281 sem·

95 4307 241 4388 piteruam.
258 4315 421 4397 Dispcndie
435 4339 489 4384 seu
501 4321 723 4388 destructiones
736 4328 834 4406 regui,
847 4332 878 4390 et
893 4327 1105 4392 uenerabilium
1119 4324 1268 4390 ecelesia·

24 4467 26 4492 ,
96 4435 151 4480 rum
168 4458 209 4468 -
236 4427 338 4487 sentes
360 4425 390 4488 in
405 4427 539 4506 generali
556 4435 793 4514 congregatione
807 4436 935 4498 omnium
947 4438 1126 4520 prelatorum
1141 4436 1268 4500 ethero-

94 4543 162 4599 uum,
175 4551 231 4594 nec
242 4551 300 4596 uon
313 4535 440 4598 omnium
455 4536 594 4602 nobilium
608 4539 645 4604 de
660 4541 788 4625 siugulis
797 4545 961 4630 provinciis
974 4553 1004 4612 et
1019 4583 1057 4595 --
1067 4545 1267 4615 Cumanorum
