3150 5092
1268 334 1315 405 M

118 507 216 590 sigilli
233 508 329 572 nostri
345 507 506 572 munimine
522 507 650 573 fecimus
668 508 815 574 roborari.
835 506 944 572 Datum
960 527 1037 580 anno
1053 507 1091 573 ab
1108 506 1319 572 incarnacione

119 615 234 679 domini
246 615 349 680 moe.
367 616 459 698 xxiiij.
476 616 574 699 Regni
590 621 690 682 autem
703 617 799 682 nostri
810 637 887 682 anno
903 617 1048 683 vicesimo
1064 617 1172 702 primo.

666 803 774 874 Hm

528 936 895 1002 mmmmm

209 1048 360 1110 Honorius
391 1083 432 1093 —
466 1049 641 1131 preceptori
681 1052 712 1113 ct
752 1047 898 1112 iratribus
935 1045 1040 1110 domus
1071 1054 1183 1112 some
1212 1048 1318 1112 Maris

121 1155 390 1221 lbcutonicorcm
412 1157 448 1219 in
463 1158 568 1220 Borea
584 1156 778 1221 consistentis
803 1191 848 1202 -
869 1153 1049 1237 Recepimus
1077 1154 1211 1227 litteras,
1244 1175 1317 1238 quas

121 1285 217 1348 super
243 1264 467 1346 grauamiuibus
490 1269 581 1350 atquc
603 1265 691 1327 minis
713 1263 800 1328 vobis
824 1283 840 1326 a
864 1262 1040 1326 charissimo
1063 1263 1094 1324 io
1111 1261 1234 1326 Christo
1256 1263 1317 1326 lilio

120 1377 244 1443 nostro,
276 1370 387 1434 illustri
408 1391 485 1454 rege
507 1372 659 1452 Hungarie
682 1371 772 1434 illatis
802 1373 903 1433 vestra
931 1367 1019 1432 nobis
1043 1369 1188 1433 discretio
1223 1370 1319 1434 desti-

119 1481 216 1550 nauit,
243 1479 362 1542 virtutis
383 1485 486 1543 vestre
513 1480 712 1545 constantiam
734 1481 763 1541 in
792 1479 920 1541 Domino
945 1478 1199 1549 commendantes,
1223 1478 1316 1560 quod,

117 1587 200 1650 sicot
225 1587 332 1650 eedem
363 1586 465 1652 littere
494 1587 706 1659 continebant,
733 1605 800 1650 cum
824 1605 881 1648 nec
911 1583 1022 1648 litteris
1054 1585 1111 1648 sub
1143 1585 1316 1649 obedientie

113 1692 192 1775 jugo
209 1714 265 1777 pro
282 1693 369 1756 nullis
386 1694 474 1757 minis
491 1697 556 1757 siue
573 1695 741 1758 terroribus
758 1698 870 1757 terram
887 1693 1081 1757 dimitteretis
1103 1694 1229 1757 candem
1251 1696 1319 1757 sine

117 1805 233 1871 nostra,
261 1800 310 1864 rel
332 1801 471 1882 magistri
486 1801 579 1867 vestri
594 1800 717 1866 licentia
733 1800 870 1884 speciali.
893 1801 1046 1864 Noueritis
1066 1805 1164 1865 autem
1187 1803 1317 1885 nosipsi

118 1909 200 1988 regi,
230 1912 261 1970 et
285 1905 351 1970 aliis
375 1912 493 1972 nostras
516 1929 608 1992 super
635 1909 694 1974 hoc
716 1911 834 1973 litteras
856 1908 1037 1982 destinasse,
1065 1909 1171 1993 quales
1187 1910 1316 1973 vidimus

117 2015 282 2098 expedire3
306 2035 343 2077 ac
364 2015 429 2078 Deo
455 2021 578 2079 auctore
599 2017 641 2079 ita
668 2016 833 2100 prouidere
856 2016 1036 2089 curabimus,
1053 2018 1133 2100 quod
1150 2038 1209 2081 oon
1225 2039 1315 2102 opor-

116 2123 197 2186 tebit
212 2142 267 2187 vos
292 2123 445 2186 dimittere
469 2129 581 2186 terram
609 2125 715 2208 ipsam,
749 2125 805 2188 sed
830 2145 895 2188 eam
918 2123 1060 2186 tenebitis
1076 2144 1142 2188 cum
1160 2126 1266 2189 fauore
1285 2131 1317 2189 et

12 2297 17 2304 ,
116 2229 332 2294 beneuolentia
360 2231 434 2295 dicti
463 2232 559 2312 regis.
593 2231 654 2295 Vos
683 2252 773 2314 ergo,
802 2231 881 2296 sicut
911 2231 967 2294 riri
1000 2230 1176 2314 prodentes,
1204 2238 1315 2297 terram

116 2339 217 2422 ipsam
237 2339 338 2402 domui
355 2343 458 2401 vestre
483 2341 568 2421 regia
585 2338 768 2404 liberalitate
786 2340 943 2410 donatam,
967 2343 997 2401 et
1018 2359 1034 2400 a
1059 2338 1133 2402 sede
1151 2340 1316 2424 apostolica

117 2445 334 2534 confirmatam,
352 2446 442 2509 solita
454 2447 610 2530 diligentia
628 2449 828 2520 conseruatis,
846 2448 948 2510 securi
968 2447 1007 2511 de
1024 2452 1126 2510 nostra
1144 2453 1175 2510 et
1192 2454 1315 2533 aposto·

112 2553 174 2617 lice
204 2555 302 2634 sedisx
319 2555 433 2636 gratia,
465 2560 495 2618 et
518 2556 634 2618 fauore.
659 2555 766 2618 Datum
789 2556 924 2637 Tybore.
950 2554 998 2618 lV.
1023 2554 1090 2618 idus
1111 2553 1205 2618 lunii.
1228 2557 1313 2620 Anno

116 2680 208 2725 nono.

668 2848 761 2916 XXX.

534 2981 615 3044 1225,
635 2983 678 3036 10.
697 2982 766 3036 duni.
786 2982 896 3036 Tibur.

210 3090 454 3155 Honorius—de
467 3090 631 3157 Linewcld
640 3131 684 3140 —
693 3095 733 3158 dc
742 3096 854 3169 Keroe,
872 3098 903 3155 et
917 3130 961 3139 —
973 3094 1014 3157 de
1025 3094 1131 3180 Epris,
1153 3092 1311 3158 abbatibus

115 3198 1310 3284 Patauien.Vltrasyloane,etCenadiensisdioeces.Dolemus,quotiesaudimus

116 3307 258 3394 (mutatis
274 3308 423 3371 mutandis
438 3307 759 3372 wieUrlr.Nr.XXXll.
773 3307 821 3371 bis
835 3308 1042 3394 „torantor“).
1059 3309 1145 3373 Vnde
1160 3311 1314 3392 prenomi-

114 3419 216 3479 natum
232 3434 337 3498 regem
354 3414 519 3498 rogandum
532 3415 851 3488 duximusmonemus,
861 3436 897 3478 ac
913 3415 1133 3478 obsecrandum
1145 3417 1309 3480 iuDomino

115 3522 192 3588 Jesu
206 3522 339 3594 Christo,
355 3527 388 3586 rt
402 3522 460 3586 boc
477 3523 643 3605 prudenter
659 3523 818 3586 attendens
842 3522 980 3607 (mutatis
996 3524 1144 3586 mutandis
1160 3525 1219 3587 wie
1236 3524 1311 3589 ort.

114 3631 168 3694 Nr.
192 3632 308 3695 XXXlll
338 3632 385 3695 bis
410 3652 486 3715 ,per
512 3629 686 3715 eosdem“.)
706 3631 839 3714 ideoque
861 3629 1095 3693 discretionibus
1117 3631 1227 3694 vestris
1253 3652 1310 3715 per

114 3739 284 3824 apostolica
300 3741 412 3822 scripta
431 3739 615 3811 mandamus,
628 3747 774 3822 quatenus
788 3739 825 3801 ad
842 3739 906 3802 loca
923 3739 987 3821 ipsa
1003 3737 1205 3820 personaliter
1217 3758 1308 3801 acce·

115 3845 235 3918 dentes,
267 3846 389 3919 limites,
421 3848 451 3910 in
473 3838 592 3929 prefato
608 3845 769 3929 priuilegio
796 3846 868 3910 dicti
895 3845 980 3927 regis
996 3864 1169 3928 expressos,
1195 3847 1309 3910 curetis

113 3954 268 4037 inspicere
290 3955 461 4036 diligenter,
480 3959 512 4018 et
527 3957 552 4018 si
569 3955 704 4020 videritis
721 3956 804 4037 ipsos
820 3956 931 4017 fratres
948 3953 1057 4038 aliquid
1079 3959 1162 4017 extra
1185 3954 1308 4017 eosdem

112 4063 260 4126 terminos
271 4068 387 4126 temere
403 4082 583 4147 occupasse,
592 4066 694 4126 nostra
708 4062 752 4126 cis
764 4063 944 4126 auctoritate
955 4062 1114 4143 injungere
1126 4062 1309 4144 procuretis,

113 4175 146 4235 rt
169 4175 201 4234 et
223 4190 266 4233 ea·
283 4171 400 4255 prefato
415 4171 483 4252 regi
498 4171 598 4233 libere
613 4170 783 4242 restituant,
801 4171 867 4232 siue
888 4189 986 4242 mora;
1008 4173 1039 4230 et
1055 4167 1199 4253 quidquid
1221 4169 1309 4230 inue-

113 4280 219 4342 neritis
236 4300 329 4362 super
344 4279 503 4362 premissis
520 4283 550 4342 et
565 4279 716 4350 feceritis,
734 4277 821 4340 nobis
837 4276 968 4340 fideliter
983 4276 1122 4346 relatori,
1145 4278 1177 4338 rt
1193 4275 1219 4337 si
1236 4274 1307 4358 quid

111 4388 293 4451 remanserit
304 4387 481 4471 questionis,
493 4391 597 4450 nostre
613 4386 795 4469 prouisionis
812 4385 910 4449 studio
926 4385 1069 4468 sopiatur.
1086 4383 1132 4446 Ad
1147 4383 1206 4446 hoc
1223 4403 1307 4446 mau-

112 4496 251 4559 dauimus
268 4495 348 4560 dicto
364 4495 443 4576 regi,
458 4501 489 4559 vt
505 4501 536 4558 et
551 4515 605 4559 vos
622 4494 758 4578 predicta
771 4494 869 4557 libere
885 4494 1072 4575 inuestigare
1088 4493 1252 4575 permittat,
1277 4495 1308 4553 et
