3150 5092
1209 352 1279 423 181

82 523 189 590 batur
210 526 354 591 haetenus
369 527 531 611 pertinere.
560 526 603 590 lla
619 526 777 598 videlicet,
802 525 881 608 quod
896 525 969 589 dieti
990 527 1121 600 fratres,
1145 528 1192 592 rel
1208 529 1283 613 ipsis

87 633 226 706 subditi,
247 635 278 698 in
299 635 381 700 dicta
404 636 490 700 domo
507 635 661 721 hospitalis
680 635 811 701 diuinum
827 639 987 698 exerceant
1001 634 1141 709 officium,
1160 642 1191 700 et
1206 639 1280 702 mis-

85 763 202 808 sarum
229 743 385 810 celebrent
402 745 574 830 solempnia,
599 749 630 808 et
644 745 703 829 ipsi
726 743 919 828 pauperibus,
936 742 1097 821 debilibus,
1113 745 1236 810 aduenis
1252 751 1284 811 et

87 852 221 918 claudis
233 853 272 917 de
288 853 460 917 elemosinis
476 852 534 916 sihi
546 874 561 916 a
571 851 684 918 Christi
699 851 837 918 fidelihus
852 852 970 935 largitis
981 875 1036 918 seu
1052 853 1215 936 largiendis
1226 874 1282 939 pro

88 982 195 1046 posse
218 982 272 1026 suo
293 961 478 1036 subueniant,
499 962 581 1046 ipsos
606 962 637 1024 in
659 962 722 1026 suis
739 961 971 1028 necessitatibus
991 963 1172 1046 colligendo,
1196 970 1228 1028 et
1250 969 1284 1029 ut

86 1071 160 1136 hee
178 1077 280 1134 nostra
296 1071 432 1144 donacio,
449 1072 606 1136 concessio
623 1074 654 1136 et
670 1069 788 1136 collatio
805 1072 898 1137 robur
913 1079 1060 1159 perpetue
1082 1072 1213 1139 obtineat
1228 1071 1281 1136 fir-

89 1181 230 1252 mitatis,
261 1186 419 1265 presentes
447 1179 559 1245 eisdem
592 1180 769 1244 contulimus
800 1179 932 1255 litteras,
961 1180 1064 1264 sigillo
1091 1178 1281 1265 Cybiniensis

88 1288 257 1374 provincie
273 1289 429 1373 sigillatas.
455 1290 561 1353 Datum
583 1295 614 1353 et
632 1294 729 1355 aetum
745 1289 776 1354 in
793 1288 930 1376 Cybiuio‚
955 1311 1030 1356 anno
1052 1290 1162 1355 domini
1183 1290 1281 1355 mille·

88 1399 186 1471 simo,
194 1398 397 1462 ducentesimo
409 1397 612 1480 nonagesimo,
620 1400 803 1472 secundoin
819 1398 869 1463 die
883 1397 963 1465 beati
978 1399 1123 1464 lobannis
1135 1400 1279 1483 baptiste.

598 1585 790 1656 CLXXXVI.

531 1704 851 1764 recensionem.

192 1816 324 1882 loannes
336 1816 533 1881 miseracione
545 1814 645 1878 divina
658 1815 905 1902 archiepiscopus
915 1815 1103 1890 Colocensis,
1115 1816 1183 1881 aule
1195 1816 1280 1899 regie

92 1925 307 1998 cancellarius,
324 1925 431 1990 Petrus
452 1922 675 1998 Transilvanus,
699 1924 835 1991 Andreas
862 1926 1025 2008 agriensis,
1049 1927 1180 1991 Thomas
1203 1927 1280 1991 llos·

91 2037 214 2108 nensis,
239 2035 418 2099 Benedictus
443 2033 683 2119 Vesprimiensis,
709 2036 774 2099 aule
798 2034 915 2099 domine
937 2033 1044 2118 regine
1073 2033 1280 2107 cancellarius,

90 2146 208 2211 Paulus
225 2145 566 2235 Quinqoeeeclesiensis,
586 2144 686 2210 Haaba
704 2143 871 2216 Vaeiensis,
888 2143 1066 2215 Theodorus
1082 2142 1280 2215 laurinensis,

91 2255 227 2320 ltliehael
252 2253 478 2335 Zagrebiensis,
501 2254 627 2318 Enricus
643 2255 851 2326 Varadiensis,
880 2254 974 2317 irater
995 2253 1138 2318 Antonius
1162 2251 1280 2317 Chana-

93 2364 213 2428 diensis
229 2365 296 2428 aule
311 2364 397 2445 regie
409 2364 475 2427 rice
496 2362 705 2436 cancellarius,
727 2363 921 2428 ecclesiarum
943 2361 1089 2446 episcopi,
1109 2361 1280 2425 Dominicus

92 2476 244 2558 magister
255 2474 472 2539 tavarnieorum
490 2473 600 2537 domini
615 2474 715 2556 regis,
740 2472 843 2556 Opour
857 2471 1006 2556 palatinus
1023 2469 1280 2546 Citradenubialis,

92 2582 250 2647 Rolandus
271 2583 421 2666 palatinus
439 2580 701 2655 Ultradanuhialis,
726 2580 884 2644 tadislaus
904 2578 1029 2645 minoda
1056 2579 1281 2653 Transilranus,

92 2694 231 2760 lacobus
246 2692 341 2757 banus
356 2693 446 2757 totius
468 2691 637 2766 Sclavenie,
655 2691 827 2777 Stephanus
842 2690 935 2774 jude'x
957 2689 1040 2753 curie
1056 2689 1165 2754 domini
1187 2689 1280 2771 regis,

92 2803 240 2867 Nicolaus
257 2800 342 2868 filius
353 2799 493 2874 Emerici,
507 2806 538 2865 et
553 2800 722 2864 Homodeus
740 2800 864 2864 condam
880 2798 1013 2883 palatini,
1030 2797 1159 2862 Thomas
1178 2817 1280 2862 comes

91 2910 268 2974 Rarsiensis
284 2917 314 2972 et
335 2909 509 2987 Nitriensis,
529 2910 616 2992 llloys
640 2911 783 2992 magister
803 2908 1023 2973 tavernieorum
1040 2907 1158 2971 domine
1174 2906 1279 2988 regine

92 3018 250 3084 Rolandus
274 3017 398 3082 condam
420 3020 543 3084 vaivoda
562 3066 677 3083 .......
700 3020 845 3101 magister
856 3017 954 3081 Lucas
970 3037 1071 3081 comes
1087 3014 1274 3080 Zaladiensio

95 3126 297 3192 ...loannes
322 3148 423 3191 comes
441 3126 592 3200 Albensis,
614 3129 759 3210 magister
783 3126 963 3190 Laurentius
987 3144 1088 3189 comes
1113 3122 1278 3207 Vesprimi·

95 3240 193 3313 ensis,
210 3236 317 3302 Paulus
334 3257 435 3302 comes
447 3239 621 3312 laoniensis,
640 3242 670 3303 et
685 3237 830 3320 magister
847 3235 1018 3301 Demetrius
1035 3254 1136 3299 eomes
1151 3235 1279 3298 Posoni-

95 3349 193 3422 ensis,
222 3366 256 3410 ac
281 3349 460 3413 universitas
489 3347 630 3413 nobilium
657 3348 856 3432 Ongarornm,
877 3347 1056 3418 Siculorum,
1073 3345 1232 3418 Saxonum,
1249 3349 1281 3409 et

96 3457 298 3523 Cumanorum
321 3455 457 3521 omnibus
475 3457 588 3522 Christi
614 3457 753 3522 fidelibus
781 3461 940 3541 presentes
961 3454 1079 3520 litteras
1099 3453 1280 3538 inspecturis

94 3567 226 3634 salutem
244 3567 274 3630 in
291 3565 434 3648 largitore
450 3566 565 3632 salutis.
591 3568 685 3634 Gesta
701 3566 859 3650 magnilica
876 3565 985 3630 nedum
996 3565 1135 3652 proprios
1152 3583 1279 3629 consve-

94 3681 204 3742 verunt
219 3695 398 3762 promovere
414 3681 547 3750 autores,
564 3677 771 3742 verumetiam
794 3677 857 3740 suis
879 3675 1010 3760 posteris
1032 3672 1123 3737 talem
1138 3672 1279 3757 aquirunt

94 3786 233 3870 gloriam,
251 3789 283 3848 ut
299 3785 378 3848 inter
393 3785 471 3850 hene
488 3787 609 3851 meritos
626 3785 793 3858 laudentur,
808 3789 839 3849 et
853 3783 1029 3856 honoribus,
1046 3803 1099 3847 seu
1122 3781 1279 3863 dignitati-

94 3897 152 3964 bus
174 3893 377 3959 sublimentur.
401 3896 459 3958 Pro
481 3915 516 3959 eo
541 3894 676 3961 dominus
692 3895 875 3962 Albertinus
891 3894 948 3958 dux
963 3893 1054 3958 totius
1074 3888 1233 3955 Sclavenie
1249 3896 1280 3956 et

95 4025 197 4071 eomes
213 4004 251 4068 de
265 4003 408 4086 Possega,
423 4003 585 4069 avunculus
602 4005 712 4069 domini
727 4003 847 4068 Andree
862 4002 919 4067 Dei
935 4002 1037 4086 gracia
1052 3999 1178 4064 illustris
1194 3999 1278 4082 regis

96 4114 229 4199 Ongarie
244 4113 356 4176 domini
372 4114 466 4176 nostri
482 4113 642 4188 naturalis,
660 4114 704 4178 vir
720 4112 911 4194 magnificus,
936 4114 994 4177 etsi
1015 4111 1045 4173 in
1068 4109 1189 4194 propria
1204 4128 1277 4192 per·

96 4244 170 4290 sona
198 4243 234 4287 ex
261 4222 323 4285 suis
350 4220 469 4306 inclytis
492 4223 608 4288 actibus
635 4221 825 4287 honorandus
848 4242 906 4285 non
926 4221 1023 4284 minus
1048 4224 1147 4282 tamen
1168 4217 1198 4280 in
1215 4218 1277 4280 suis

95 4333 227 4420 posteris
244 4378 319 4394 .....
336 4329 549 4404 sublimandus,
566 4332 634 4396 hinc
651 4331 792 4418 estquod
814 4351 880 4395 eum
891 4330 994 4395 dictus
1010 4327 1146 4391 dominus
1169 4324 1277 4390 Alber-

94 4446 174 4509 tinus
202 4442 298 4525 ipsum
321 4438 469 4504 dominum
496 4441 644 4506 Andreem
669 4443 718 4506 dei
742 4441 844 4524 gracia
860 4437 1008 4503 illustrem
1023 4454 1128 4519 regem
1144 4432 1276 4516 Ungarie

97 4555 246 4624 dominum
269 4552 403 4614 nostrum
425 4548 590 4615 naturalem
613 4571 698 4614 suum
725 4554 865 4634 nepotem
892 4569 909 4612 a
936 4553 1136 4633 tempore-
1158 4579 1201 4591 -
1219 4562 1274 4609 sue
