3150 5092
593 380 633 444 ss

593 547 830 609 insimul
886 546 1112 609 habent
1154 551 1375 608 terram
1433 544 1695 626 vndique
1746 549 1935 607 metas
1993 544 2055 606 in
2104 544 2472 608 meridionali
2531 549 2702 629 parte
2756 543 2993 606 habent

593 660 806 717 metam
851 673 1032 738 super
1076 653 1436 738 Fequetfee,
1502 650 1722 713 deinde
1784 651 2162 734 protenditur
2210 673 2321 736 per
2368 671 2645 732 magnam
2690 652 2858 713 uiam
2915 649 2988 712 ad

613 761 1040 848 ifryesholmu,
1090 764 1151 823 et
1193 759 1279 822 ibi
1324 763 1494 821 tenet
1536 763 1754 822 metam
1798 781 1933 823 cum
1981 760 2122 824 uilla
2168 762 2562 827 Cuculiensis
2612 759 2823 830 castri,
2876 779 2991 844 que

601 875 850 933 acuatur
897 870 1151 941 Bodon,
1197 867 1337 931 inde
1373 866 1447 929 ad
1488 848 1764 944 Sossed,
1816 872 1877 931 et
1906 872 2076 933 tenet
2107 872 2296 932 metas
2329 888 2461 932 cum
2495 867 2637 932 uilla
2671 868 2747 931 de
2776 867 2990 939 Aona,

593 984 729 1044 inde
761 979 1034 1043 ascendit
1066 998 1178 1061 per
1207 982 1443 1040 montes
1477 976 1554 1040 ad
1595 994 1869 1056 magnum
1899 981 2182 1048 montem,
2219 978 2319 1061 qui
2343 981 2592 1040 uocatur
2613 975 2989 1062 Aenaheqe‚

593 1088 725 1148 imin
775 1084 847 1148 ad
885 1105 1115 1157 nemus,
1151 1085 1308 1170 quod
1346 1084 1570 1148 dicitur
1606 1083 1867 1155 Caxun,
1919 1087 1981 1146 et
2012 1082 2098 1146 ibi
2132 1105 2265 1148 cum
2308 1083 2446 1146 uilla
2480 1083 2762 1170 Suqman
2814 1087 2989 1147 tenet

597 1200 829 1257 melam.
887 1192 1028 1255 Inde
1073 1195 1330 1255 uertitur
1373 1191 1447 1254 ad
1484 1190 1886 1261 occidentem,
1940 1189 2159 1254 deinde
2192 1211 2304 1274 per
2337 1190 2570 1263 collem,
2607 1211 2725 1275 que
2757 1190 2992 1253 dicitur

597 1304 795 1384 Hufee
847 1301 1085 1375 Merke,
1165 1297 1490 1362 descendit
1552 1299 1614 1360 in
1682 1296 1935 1369 vallem,
2001 1301 2063 1360 et
2124 1302 2290 1361 tenet
2356 1302 2580 1371 metas,
2646 1318 2777 1361 cum
2845 1297 2991 1360 uilla

597 1405 828 1492 ἡιιραιί
862 1425 973 1489 per
1004 1407 1148 1469 Red
1188 1405 1382 1492 (Rod)
1430 1425 1623 1490 usque
1668 1404 1741 1467 ad
1778 1404 2041 1474 fluuium,
2087 1408 2147 1467 et
2193 1425 2306 1487 per
2346 1405 2586 1468 fluuium
2623 1405 2696 1468 ad
2740 1425 2982 1477 nemus,

597 1514 748 1596 quod
778 1513 995 1576 dicitur
1028 1514 1300 1586 Sciluas,
1334 1517 1394 1575 et
1424 1512 1515 1575 sic
1539 1532 1652 1597 per
1685 1531 1890 1575 nemus
1924 1511 2308 1596 protenditur
2340 1514 2412 1577 ad
2438 1514 2655 1586 locum,
2691 1514 2787 1597 qui
2812 1516 2992 1577 Par-

601 1642 829 1708 fssfflum
889 1624 1158 1684 vocatur.
1212 1620 1355 1684 Inde
1410 1641 1626 1684 uersus
1682 1620 2173 1702 septemtrionem
2223 1621 2635 1705 protenditur,
2700 1624 2759 1683 et
2815 1623 2996 1682 tenet

601 1736 808 1800 metas,
843 1748 975 1791 cum
1021 1728 1163 1790 uilla
1208 1730 1443 1802 Heren,
1491 1727 1633 1789 inde
1677 1727 1751 1789 ad
1790 1728 2214 1799 Gastatelulce‚
2260 1728 2404 1791 inde
2438 1748 2653 1790 uersus
2687 1727 2987 1790 orientem

597 1835 973 1916 protenditur
1026 1839 1087 1897 et
1130 1839 1299 1898 tenet
1345 1839 1557 1906 metas,
1608 1854 1742 1898 cum
1790 1835 1929 1898 uilla
1985 1835 2254 1899 Tordosi
2298 1834 2377 1897 de
2412 1834 2676 1918 Vyuuar,
2728 1833 2874 1896 inde
2909 1834 2983 1896 ad

605 1944 814 2015 Thuw,
849 1942 1069 2006 deinde
1105 1943 1179 2005 ad
1202 1943 1671 2030 Fequetkopna,
1709 1946 1769 2005 et
1804 1943 1892 2005 sic
1929 1962 2041 2023 per
2062 1942 2301 2027 Fequet
2329 1943 2590 2004 'uertitur
2614 1942 2684 2003 ad
2714 1941 2983 2024 priorem

601 2056 813 2112 metam
845 2051 1190 2114 reuertitur.
1245 2048 1464 2113 Cetera
1498 2055 1694 2114 autem
1730 2050 1788 2111 in
1823 2048 2033 2112 eodem
2068 2048 2389 2131 priuilegio
2424 2052 2707 2112 contenta
2743 2054 2994 2132 propter

597 2160 832 2220 nimiam
866 2156 1264 2239 prolixitatem
1308 2157 1664 2220 transscribi
1710 2176 1828 2219 non
1862 2155 2306 2226 facientes,sed
2340 2161 2567 2219 tantum
2601 2177 2719 2241 que
2753 2155 2979 2218 fuerint

597 2265 785 2344 magis
840 2265 1185 2328 necessaria
1240 2263 1587 2347 precipiens
1643 2268 1704 2326 et
1749 2267 2090 2345 protestans
2133 2263 2295 2326 idem
2349 2285 2454 2327 rex
2527 2265 2979 2334 serenissimus,

601 2371 752 2452 {prud
786 2371 839 2433 si
871 2391 986 2454 qua
1018 2372 1204 2452 igitur
1237 2371 1490 2451 alicujus
1529 2369 1840 2451 dignitatis
1893 2370 1989 2434 vel
2034 2370 2264 2434 ordinis
2302 2372 2577 2454 pertinax
2620 2374 2683 2434 et
2714 2370 2997 2434 indeuota

605 2498 856 2560 pont-sona
901 2480 1171 2561 presenti
1220 2478 1466 2542 decreto
1512 2478 1813 2541 contraire
1857 2479 2319 2561 presumpserit,
2369 2479 2518 2541 iram
2564 2478 2994 2561 omnipotentis

609 2588 701 2648 dei
738 2585 1007 2649 incurrat
1051 2589 1112 2648 et
1154 2585 1324 2667 regie
1372 2584 1800 2667 indignationis
1844 2586 2218 2649 sentenciam
2262 2590 2325 2649 et
2371 2586 2763 2650 seueritatem
2805 2584 2993 2648 uehe-

609 2694 862 2758 n·=entius
897 2694 1261 2776 experiatur.
1296 2694 1462 2755 Anno
1500 2692 1721 2755 domini
1759 2690 1972 2755 M⁰.c⁰.
2012 2691 2477 2777 Septuagesimo
2518 2691 2681 2781 (sic)
2718 2692 2993 2776 septimo.

1742 2895 1846 2964 vl.

1471 3048 1631 3112 1198,
1659 3049 1747 3102 15.
1774 3047 1915 3102 Juni.
1944 3048 2114 3102 Rom.

769 3175 1196 3264 (innocentius
1232 3174 1381 3260 PP.)
1413 3174 1484 3239 N.
1503 3174 1927 3239 Uitrasilvano.
1961 3173 2109 3239 Cum
2143 3195 2176 3237 a
2210 3174 2383 3238 nobis
2418 3177 2751 3257 petitur—
2782 3210 2862 3222 -
2898 3209 2976 3220 -

593 3285 966 3368 privilegium
984 3304 1167 3367 super
1188 3285 1494 3347 desertum
1528 3304 1560 3345 a
1596 3283 1819 3348 dilecto
1854 3282 1975 3347 filio
1993 3282 2315 3364 Gregorio,
2347 3285 2413 3347 S.
2442 3283 2631 3346 Marie
2664 3283 2727 3345 in
2755 3283 2989 3365 porticu

593 3396 744 3456 ιΙὲιιιε.
794 3393 959 3456 card.
999 3390 1110 3454 tibi
1146 3389 1457 3462 indultum,
1505 3393 1863 3454 auctoritate
1896 3390 2227 3474 apostolica
2257 3390 2702 3463 confirmamus,
2750 3396 2812 3453 et
2844 3412 2987 3475 pre·

589 3500 774 3560 mutis
839 3499 1052 3582 scripti
1096 3498 1314 3580 pagina
1367 3499 1817 3562 communimus.
1886 3498 1977 3561 Ad
2045 3499 2331 3561 maiorem
2394 3504 2594 3562 autem
2655 3498 2838 3579 hujus
2901 3499 2987 3560 rei

585 3604 961 3678 euidentiam,
1009 3605 1347 3687 predictum
1406 3605 1790 3688 privilegium
1847 3606 1989 3669 huic
2045 3610 2251 3669 nostre
2299 3605 2520 3689 pagine
2567 3605 2644 3668 de
2688 3603 2881 3668 verbo
2916 3603 2986 3667 ad

589 3716 835 3776 verbum
886 3713 1158 3776 duximus
1222 3712 1612 3777 inserendum
1665 3715 1766 3801 (S.
1818 3713 2164 3798 Urk.1V.).
2212 3713 2610 3778 Decernimus
2658 3731 2810 3794 ergo
2872 3717 2984 3775 etc.

597 3824 725 3884 inat.
757 3821 914 3886 XVII
947 3821 1184 3883 kalend.
1220 3819 1388 3884 Julii.
1443 3822 1628 3883 Rome
1664 3822 1822 3905 apud
1856 3821 1922 3884 S.
1954 3821 2215 3884 Petrum.

1710 4039 1842 4109 Vll.

1452 4191 1614 4254 1199,
1659 4192 1741 4245 14.
1771 4192 1899 4245 Dec.
1939 4191 2110 4245 Rom.

774 4319 1194 4405 (Innocentius
1213 4319 1315 4403 Pp.
1341 4318 1473 4404 ΠΙ.)
1486 4318 1771 4382 Adriano
1794 4318 2330 4384 Ultrasilvanensi
2340 4319 2663 4406 episcopo.
2684 4319 2969 4401 Quoniam

585 4448 673 4492 at-a.
709 4446 823 4509 que
848 4446 958 4509 per
991 4426 1263 4490 ordinem
1287 4425 1598 4507 judicialis
1620 4425 1909 4488 examinis
1935 4425 2377 4490 rationabiliter
2408 4431 2547 4490 sunt
2566 4426 2796 4500 decisa,
2814 4427 2971 4490 nulla

585 4536 805 4596 debent
833 4535 1175 4598 temeritate
1207 4533 1496 4604 rescindi,
1524 4534 1636 4596 sed
1659 4538 1952 4617 perpetue
1979 4532 2327 4597 stabilitatis
2350 4533 2573 4598 robore
2598 4533 2973 4598 confirmari:
