3150 5092
854 457 921 526 cv.

658 593 737 656 1271,
757 592 802 645 22.
820 591 934 662 August.
953 592 1102 666 Zolyum.

375 705 437 768 Nos
454 703 627 776 Ladislaus,
644 703 701 766 Dei
718 703 822 784 gracia
838 723 893 766 rex
908 702 1052 786 Vngarie,
1066 701 1272 786 significamus
1290 706 1399 766 tenore
1415 721 1484 785 prc-

285 814 420 878 sencium
441 812 602 884 uniuersis,
626 811 705 896 quod
724 831 780 874 nos
802 810 1033 875 considerantes
1050 810 1211 874 fidelitates
1234 814 1267 874 ct
1282 810 1482 874 seruiciorum

284 922 391 985 merita
412 923 496 986 Dera
518 919 724 985 archidiaconi
754 922 786 982 et
817 920 956 1000 magistri
983 920 1113 984 Nicoloi
1138 917 1271 983 fidelium
1300 924 1481 994 nostrorum,

283 1027 470 1112 fratrumque
487 1027 630 1112 ipsorum,
645 1046 703 1112 que
719 1026 815 1108 ijdem
829 1025 988 1090 karissimo
1007 1029 1088 1110 patri
1106 1033 1221 1098 nostro,
1245 1033 1276 1089 et
1295 1025 1387 1089 nohis
1404 1030 1483 1108 post-

286 1137 402 1200 modum
434 1136 644 1219 impenderunt
674 1134 807 1198 fideliter
839 1142 872 1197 et
903 1136 1030 1207 deuote,
1059 1135 1207 1218 quandam
1239 1139 1353 1198 terram
1395 1134 1484 1196 castri

283 1243 424 1309 aloensis
446 1242 652 1316 Transiluani,
677 1243 852 1330 dampnas
868 1253 1019 1315 vocatam,
1048 1243 1282 1307 concernenteni
1307 1242 1389 1304 intra
1416 1261 1484 1304 suas

283 1357 378 1418 metas
394 1358 423 1415 et
435 1350 669 1415 limitaoionibus
687 1371 809 1417 suorum
824 1353 1022 1414 terminorum
1038 1371 1107 1416 rura
1130 1353 1195 1414 siue
1219 1351 1377 1414 sessiones
1396 1347 1481 1412 rilla-

285 1482 351 1524 rum
369 1458 598 1541 Demegtelulre‚
612 1458 845 1543 Gwyudtelulre,
861 1460 1018 1524 Osltelulre
1035 1467 1066 1524 et
1079 1459 1264 1545 Synetelulre
1275 1463 1412 1530 vocatas,
1428 1457 1479 1522 ubi

285 1569 380 1633 eciam
410 1569 467 1632 sita
497 1572 545 1630 est
572 1567 705 1630 ecclesia
733 1567 814 1631 beati
843 1568 960 1631 Thome
987 1567 1129 1651 apostoli,
1153 1566 1313 1631 eximendo
1329 1567 1485 1648 penitusa

288 1676 504 1740 iurisdiccione
522 1675 594 1739 dicti
606 1675 699 1738 castri
716 1675 829 1738 eisdem
846 1675 925 1738 Dera
944 1676 1169 1747 archidiacono,
1185 1680 1216 1737 et
1231 1676 1380 1756 magistro
1393 1673 1484 1737 Nico-

284 1784 344 1856 lao,
363 1805 398 1848 ac
415 1783 557 1848 iratribus
580 1802 684 1846 eorum
712 1782 849 1846 dedimus
877 1783 1054 1847 donavimus
1083 1788 1113 1846 et
1139 1784 1318 1846 contulimus
1335 1789 1485 1865 perpetuo

284 1891 496 1976 possidendas,
525 1891 556 1953 in
584 1890 669 1954 cuius
697 1895 780 1954 terre
809 1893 996 1973 corporalem
1024 1891 1261 1974 possessionem,
1286 1891 1415 1952 eosdem
1430 1910 1486 1973 per

286 1998 424 2062 comitem
441 1997 589 2060 dndream
608 1997 645 2060 de
663 1997 771 2080 Gyong
793 1998 944 2061 hominem
967 2004 1103 2062 nostrum
1120 1997 1175 2062 sub
1198 1997 1374 2062 testimonio
1400 1999 1486 2081 capi·

284 2106 341 2170 tuli
357 2106 498 2170 dlhensis
514 2105 718 2177 Transiluaui,
735 2107 929 2191 presentibus
952 2106 1164 2188 iobagionibus
1187 2106 1290 2178 castri,
1313 2105 1437 2177 vicinis,
1459 2110 1488 2168 et

285 2215 501 2280 commetaner's
520 2214 668 2286 omnibus,
682 2214 824 2298 nulloque
841 2214 1065 2278 contradictore
1077 2214 1225 2278 existente
1240 2215 1371 2277 fecimus
1388 2217 1486 2277 intro·

284 2323 370 2395 duci,
401 2327 490 2407 prout
516 2323 547 2386 id
576 2321 663 2385 nobis
691 2343 747 2405 per
776 2322 891 2385 litteras
919 2324 992 2386 dicti
1013 2321 1137 2405 capituli
1162 2323 1297 2387 constitit
1314 2323 1484 2386 evidenter.

285 2429 393 2494 Datum
421 2433 451 2495 in
479 2429 583 2494 Zolum
610 2430 640 2492 in
665 2435 724 2494 oct.
754 2431 973 2513 assumpoionis
1002 2430 1093 2493 beate
1111 2430 1254 2511 virginis,
1279 2450 1357 2493 anno
1375 2431 1485 2494 domini
1547 2480 1551 2492 .

286 2536 418 2601 M⁰.CC⁰.
436 2538 508 2601 lru⁰.
527 2542 642 2622 quarto.

843 2706 923 2776 Ovi.

744 2825 831 2887 rara,
850 2824 875 2876 a.
895 2825 1022 2879 octono.

372 2933 434 2996 Nos
452 2939 618 2998 conventus
637 2934 725 2998 beate
743 2934 839 2998 lllarie
856 2934 990 3014 ¹llirginis
1007 2932 1047 2996 de
1064 2935 1156 2999 Koios
1174 2937 1349 2998 Monostura
1363 2954 1480 2998 memo·

284 3043 330 3105 rie
350 3041 591 3106 commendamus
616 3043 765 3107 universis
799 3063 855 3126 per
877 3047 1049 3127 presentes.
1076 3044 1161 3125 Quod
1181 3050 1313 3107 nostram
1332 3045 1483 3108 accedens

283 3152 466 3233 presentiam
489 3153 639 3216 Keminua
661 3152 738 3216 tilius
763 3153 886 3217 Mitem
901 3153 1072 3217 dedolata
1088 3152 1248 3216 confessus
1271 3155 1331 3223 est,
1352 3151 1483 3234 pariter-

283 3278 342 3343 que
360 3259 474 3331 retulit‚
501 3259 581 3342 quod
605 3260 673 3346 quia
694 3260 762 3343 ipse
785 3259 875 3341 hujus
893 3260 956 3323 vite
979 3259 1086 3323 solatio
1114 3259 1153 3323 ob
1176 3258 1304 3342 prolium
1328 3257 1482 3323 deiectum

282 3363 509 3438 destitueretur,
539 3371 570 3430 et
598 3369 665 3450 quia
693 3366 792 3448 ipsum
814 3368 1028 3430 monasterium
1052 3367 1082 3430 in
1105 3367 1217 3432 Gcwru
1233 3367 1414 3430 Monostura
1430 3388 1483 3451 per

281 3473 498 3555 progenitores
528 3494 599 3537 suos
629 3475 678 3557 pia
705 3473 887 3537 liberalitate
914 3479 1117 3544 exstructum,
1149 3495 1205 3557 per
1231 3475 1421 3538 invasionem
1455 3479 1483 3538 et

280 3581 402 3663 rapinas
416 3581 612 3644 'fontanorum
627 3580 838 3671 superioribus
852 3581 936 3643 anuis
953 3580 1088 3644 nonnihil
1107 3581 1316 3653 deformatum,
1341 3581 1480 3647 destruo·

279 3695 412 3773 tumque,
430 3688 501 3772 quin
516 3689 575 3752 imo
589 3689 738 3773 preciosis
755 3691 844 3752 etiam
861 3689 924 3752 suis
938 3690 1122 3752 ornamentis
1138 3690 1260 3773 penitus
1276 3688 1343 3753 iere
1361 3695 1479 3754 exutum
1557 3674 1558 3745 l

282 3798 378 3870 sciat,
406 3798 492 3869 hinc,
521 3818 578 3882 quo
607 3798 707 3861 solatii
729 3797 835 3861 saltem
863 3800 924 3861 uite
947 3802 1054 3861 eterne
1076 3803 1106 3860 et
1130 3799 1311 3880 premiorum
1328 3800 1479 3882 particeps

280 3905 471 3978 redderetur,
495 3911 526 3969 et
542 3905 572 3968 id
590 3907 620 3968 in
635 3905 762 3989 gloriam
778 3906 846 3980 Dei,
871 3909 902 3967 et
918 3905 983 3986 ejus
1000 3909 1172 3970 sanctorum
1186 3907 1295 3970 iterum
1313 3911 1478 3978 recrescat,

281 4012 363 4097 quod
385 4011 434 4096 pie
460 4013 613 4076 fundatum
639 4013 770 4084 exstitit,
800 4010 1004 4076 molendinum
1026 4033 1112 4077 suum
1143 4034 1236 4096 super
1257 4015 1348 4079 durio
1372 4016 1479 4079 Zumus

280 4120 415 4184 habitum
444 4141 510 4184 eum
539 4120 677 4185 omnibus
705 4121 811 4186 usibus
839 4125 871 4183 et
898 4119 1123 4193 emolumentis,
1152 4123 1225 4186 item
1249 4122 1323 4185 duas
1347 4124 1478 4206 piscinas
1557 4160 1558 4185 l

283 4249 379 4312 prope
396 4228 473 4292 uiam
492 4228 640 4312 publicam
663 4228 781 4292 habitas
805 4229 904 4292 eidem
920 4230 1104 4293 monasterio
1120 4231 1151 4293 in
1167 4229 1285 4293 laudem
1303 4229 1365 4294 Dei
1384 4233 1478 4296 omni·

281 4336 424 4418 potentis,
443 4340 473 4398 et
489 4336 586 4398 anime
604 4357 657 4400 sue
686 4337 877 4418 refrigerium
899 4341 1046 4422 perpetuo
1064 4338 1231 4410 donaverit,
1254 4343 1285 4401 et
1307 4338 1476 4404 contulerit

280 4441 388 4503 Datum
406 4444 482 4506 feria
502 4443 525 4505 V
544 4444 678 4526 proxima
695 4453 764 4526 post
779 4446 890 4509 festum
913 4444 1005 4508 beate
1020 4445 1273 4509 Michaelisdrch.
1285 4447 1318 4508 Α.
1328 4445 1364 4508 D.
1382 4447 1475 4512 1275.

1556 4198 1558 4302 l
