3150 5092
1210 271 1312 381 ris

93 484 311 568 quinquaginta
347 503 512 548 marcarum
549 484 697 568 quandam
732 481 957 566 possessionem
988 486 1120 545 nostram
1152 481 1288 546 Scenth·

91 588 272 675 myrtoum)
305 592 500 665 nominatam,
533 591 662 654 habitam
706 597 736 654 et
773 609 947 675 possessam
978 609 1014 651 ex
1044 589 1204 653 donatione
1242 589 1289 651 in-

90 697 160 761 clite
193 699 420 762 recordacionis
452 698 524 762 Bele
555 700 654 780 regis,
687 704 716 761 et
739 698 877 781 inprimis
908 717 966 780 per·
996 696 1131 777 ejusdem
1160 696 1286 778 priuile-

90 805 182 888 gium,
201 808 318 870 demum
335 826 391 890 per
406 806 599 890 priuilegium
614 807 714 870 felicis
730 807 875 869 memorie
897 805 982 886 regis
998 804 1155 886 Stephani,
1181 809 1287 886 postea

90 932 147 995 per
162 912 354 996 privilegium
376 911 529 993 magnifici
544 916 627 994 regis
644 912 797 984 badizlai,
821 913 910 976 nobis
934 912 1138 976 confirmatam
1160 917 1192 974 et
1214 931 1288 994 per·
1377 930 1379 933 ’

91 1025 258 1102 petuatam,
275 1020 305 1083 in
321 1021 461 1084 comitatu
484 1021 522 1083 de
546 1021 647 1084 Torda
660 1021 744 1102 juxta
760 1020 881 1084 flurium
897 1021 1012 1082 Amnes
1030 1020 1222 1090 existentem,
1246 1017 1285 1082 ab

88 1130 209 1191 oriente
235 1130 326 1192 terris
349 1129 482 1193 ecclesie
510 1124 738 1211 aradiensisr),
764 1148 780 1190 a
804 1126 931 1190 meridie
955 1125 1053 1190 eundo
1070 1127 1210 1210 superius
1229 1145 1284 1207 per

88 1232 281 1296 medietatem
297 1235 393 1318 ipsius
409 1234 491 1299 fluvii
508 1236 637 1306 Arenae,
659 1252 676 1295 a
698 1238 785 1317 parte
801 1231 998 1303 occidentali,
1022 1231 1139 1295 cuidam
1160 1245 1285 1314 posses·

11 1369 12 1372 ¹
86 1341 173 1403 sione
201 1346 305 1406 nostre
335 1342 552 1424 llerelreghaz,
582 1342 749 1413 nominate,
774 1361 790 1403 a
817 1346 904 1423 parte
925 1338 1164 1422 septemtrionali
1191 1340 1282 1401 terris

11 1501 12 1508 ,
87 1447 233 1512 nobilium
250 1450 288 1512 de
305 1451 380 1514 Zara
398 1447 546 1534 Scimus)
563 1454 670 1514 vocate
687 1450 757 1513 inde
774 1448 968 1532 procedendo
991 1449 1080 1510 alteri
1097 1447 1285 1530 possessioni

11 1543 12 1585 ³
87 1563 193 1618 nostre
216 1555 380 1641 coppam)
403 1563 576 1640 nuncupate
593 1559 770 1622 vicinantem
787 1563 819 1620 et
835 1555 1038 1628 adiacentem,
1060 1557 1166 1638 sicque
1181 1574 1286 1618 rerer·

11 1723 12 1728 ,
86 1666 205 1726 tentem
222 1665 258 1727 ad
272 1666 416 1728 terminos
432 1671 515 1729 terre
532 1666 710 1730 Orodiensis
723 1665 855 1728 ecclesie
872 1669 1040 1746 prenotate,
1063 1682 1130 1725 cum
1146 1661 1286 1724 omnibus

11 1773 12 1778 ’
87 1778 266 1842 rtilitatibus
292 1782 356 1844 suis
383 1786 415 1843 et
436 1782 643 1864 pertinenciis,
669 1781 761 1844 terris
784 1779 902 1845 scilicet
917 1776 1092 1850 arabilibus,
1109 1777 1206 1849 silvis,
1222 1777 1287 1840 rir-

86 1886 191 1966 gultis,
210 1888 395 1960 nemoribus,
412 1891 508 1972 pratis
522 1895 552 1952 et
569 1890 678 1953 tenetis
700 1909 735 1952 ac
757 1889 833 1952 locis
859 1887 1111 1959 molendinorum,
1134 1885 1190 1949 sub
1207 1886 1283 1948 hiis·

11 1981 12 2055 }
86 1994 155 2056 dem
185 1994 314 2077 antiquis
344 1999 443 2066 metis,
471 1997 579 2077 signis,
607 2017 662 2060 seu
689 1997 837 2068 terminis,
866 1995 973 2078 quibus
995 1993 1233 2057 eamhabuimus
1256 1995 1288 2054 et

87 2101 297 2186 possedimus,
320 2103 473 2178 dedimus,
499 2105 692 2177 tradidimus,
718 2105 909 2178 donavimus,
932 2112 963 2166 et
979 2103 1146 2185 legauimus
1161 2103 1286 2165 racione

11 2241 12 2284 ς
87 2211 192 2291 operis
209 2209 342 2273 ecclesie
364 2210 445 2275 beati
470 2212 636 2295 Mychaelis
663 2211 840 2291 archangeli
872 2209 1039 2275 venerabili
1064 2209 1143 2293 patri
1165 2209 1284 2272 domino

86 2315 179 2379 Petro
188 2315 245 2379 Dei
257 2318 359 2399 gracia
373 2320 517 2403 episcopo
531 2320 756 2392 Transsilvano,
770 2323 801 2382 et
812 2339 869 2400 per
881 2338 949 2381 eum
962 2318 1026 2380 suis
1043 2315 1285 2388 successoribus,

11 2413 12 2458 l
87 2423 148 2506 ipsi
177 2422 297 2488 scilicet
323 2426 510 2511 episcopatui
537 2428 736 2491 Transilrano
767 2431 915 2510 perpetuo
938 2425 1009 2506 jure
1043 2422 1284 2487 irrevocabiliter

87 2532 305 2614 possidendam
332 2541 364 2597 et
386 2534 565 2598 habendam.
591 2535 768 2616 Obligantes
793 2555 849 2598 nos
876 2540 908 2598 et
939 2535 1058 2596 nostros
1086 2549 1283 2596 successores

11 2680 12 2726 3
88 2640 283 2721 expedituros
301 2642 432 2724 propriis
449 2641 601 2706 laboribus
622 2663 657 2707 ao
674 2643 815 2726 expensis
832 2645 928 2726 ipsum
944 2637 1148 2706 venerabilem
1168 2644 1285 2723 patrem

11 2789 12 2828 ρ
88 2748 241 2810 dominum
273 2749 393 2812 Petrum
425 2751 616 2836 episcopum,
648 2756 680 2816 et
705 2750 842 2833 ejusdem
866 2766 1062 2813 successores
1094 2745 1132 2808 ab
1153 2747 1285 2809 omnium

11 2851 12 2930 Ϊ
87 2856 227 2926 accione,
257 2876 312 2919 seu
340 2857 527 2938 grauamine,
554 2878 642 2941 quam
674 2859 721 2922 rel
748 2857 829 2943 quod
853 2862 958 2920 contra
978 2851 1107 2918 eundem
1132 2850 1283 2917 dominum

11 2957 12 2980 ³
88 2962 212 3026 Petrum
242 2965 434 3046 episcopum,
463 2964 529 3046 ejus
555 2987 752 3031 successores
774 2986 831 3049 per
852 2965 986 3029 inclitum
1009 2981 1115 3043 regem
1134 2961 1286 3043 Hungarie

86 3090 142 3154 pro
155 3076 293 3155 tempore
310 3071 502 3146 existentem,
523 3075 572 3138 uel
590 3095 785 3160 quoscunque
810 3074 886 3136 aiios
909 3092 1013 3138 omnes
1037 3089 1186 3153 processu
1208 3073 1287 3132 tem·

85 3178 170 3262 poris
187 3179 260 3242 oriri
276 3180 466 3263 contingeret
482 3183 604 3247 racione
626 3183 833 3266 possessionis
849 3184 1005 3250 annotate,
1028 3177 1080 3240 uel
1106 3176 1145 3240 de
1170 3177 1284 3240 nostris

50 3294 52 3297 ’
85 3285 335 3368 possessionibus
352 3288 553 3362 hereditariis,
566 3295 625 3354 tam
641 3310 707 3361 nos,
720 3309 808 3375 quam
824 3288 920 3352 nostri
935 3305 1130 3351 successores
1148 3283 1284 3349 dabimus

86 3390 311 3477 equiualentem
343 3397 571 3478 possessionem
602 3397 661 3482 ipsi
688 3396 875 3480 possessioni
908 3391 1141 3475 Scentmylrlous
1175 3395 1284 3454 uocate

85 3499 169 3564 dicto
182 3503 347 3565 venerabili
364 3505 443 3588 patri
460 3503 577 3569 domino
594 3506 627 3568 P.
645 3507 803 3589 episcopo,
819 3507 851 3566 et
866 3522 922 3586 per
942 3521 1010 3564 eum
1033 3501 1097 3562 suis
1123 3516 1284 3563 successo-

84 3606 181 3680 ribus,
210 3608 400 3695 episcopatui
417 3611 562 3676 videlicet
584 3613 800 3676 Transsiluano
828 3611 877 3674 uel
911 3629 966 3692 pro
994 3607 1060 3690 ipsa
1088 3606 1284 3688 possessione

11 3697 12 3704 ἵ
84 3715 185 3779 eidem
202 3715 321 3780 domino
339 3718 483 3803 episcopo
500 3727 551 3785 aut
566 3720 752 3803 episcopatui
775 3737 840 3786 suo,
861 3720 928 3780 sine
952 3714 1031 3777 omui
1054 3714 1183 3796 strepitu
1202 3710 1285 3793 judi-

81 3822 124 3885 cii
147 3842 250 3886 coram
277 3825 499 3888 venerabilibus
526 3827 599 3890 viris
630 3825 759 3910 capitulo
790 3824 932 3912 Albensis
960 3821 1094 3884 ecclesie
1126 3819 1283 3883 Transsil·

84 3947 163 3992 nane
183 3931 401 4016 quinquaginta
430 3952 546 3998 marcas
574 3933 626 3997 fini
653 3934 772 4017 argenti
799 3932 1026 4016 persolvemus,
1057 3947 1147 3991 secus
1180 3927 1284 3989 facere

117 4221 143 4282 ¹)
161 4224 235 4270 Saeut
249 4225 343 4282 Mikros,
356 4226 420 4282 jetzt
435 4229 478 4273 der
494 4228 561 4274 suco
577 4227 734 4285 Thoreuburg
750 4227 895 4274 einverleibt.

120 4309 148 4371 ἱ)
167 4309 213 4354 Des
229 4307 290 4352 Dori
304 4307 470 4365 Egyhaafalva,
486 4310 566 4366 spdter
582 4309 625 4352 der
642 4307 709 4352 stant
724 4307 881 4364 Therenburg
896 4303 1043 4352 euvaristus

116 4389 144 4451 θ)
162 4390 234 4434 Sziud
251 4389 281 4432 im
298 4389 422 4436 'l'bordaer
438 4389 522 4435 comit.

114 4468 141 4532 ⁴)
159 4465 274 4528 Koppdnd
290 4468 321 4512 im
338 4471 461 4516 Thordser
477 4469 562 4516 comit.
