3150 5092
786 605 978 674 CXXXVIII.

642 739 718 800 1284.
736 740 781 793 21.
797 739 954 793 December.
972 739 1113 793 berech

373 850 435 914 Nos
452 849 603 914 Rolandus
616 847 761 928 rojanoda
778 849 1003 918 Transilraous,
1016 868 1120 911 comes
1136 848 1176 910 de
1190 845 1307 910 Zonuk.
1331 843 1477 906 IIemorie

286 958 530 1023 commendantes
547 956 753 1038 significamus
770 955 880 1039 quibus
896 955 1016 1038 expedit
1030 955 1189 1026 universis,
1211 953 1397 1036 presentium
1424 970 1478 1032 per

284 1074 430 1131 tenorem.
456 1063 543 1146 Quod
559 1083 613 1127 nos
630 1062 765 1147 hospites
782 1063 822 1126 de
837 1061 908 1126 rilla
923 1063 1098 1126 Dccsroour
1118 1061 1321 1126 commisimus
1348 1063 1382 1120 et
1407 1055 1480 1118 reli·

284 1173 402 1258 quimus
418 1191 596 1257 permanere
612 1171 738 1253 pacitice
763 1170 794 1232 in
811 1169 926 1232 eisdem
944 1168 1143 1239 libertatibus,
1160 1189 1237 1252 quas
1253 1170 1283 1228 in
1307 1164 1479 1248 pririIegiis

285 1279 397 1345 domini
423 1277 571 1361 Stephani
593 1277 679 1358 regis
704 1279 753 1360 pie
772 1278 931 1348 memorie,
949 1280 980 1339 et
993 1276 1106 1338 domini
1123 1277 1220 1340 nostri
1236 1273 1371 1336 hadislai
1387 1271 1483 1333 incliti

285 1387 369 1468 regis
383 1386 534 1467 ilungarie
547 1404 639 1467 super
655 1383 844 1446 libertatibus
862 1384 1063 1466 predictorum
1078 1383 1231 1466 hospitum
1247 1380 1413 1449 confectis,
1428 1398 1484 1460 per

285 1493 410 1558 eosdem
434 1491 573 1575 hospites
596 1489 682 1554 nobis
704 1489 897 1561 exhibentes,
922 1496 952 1553 et
976 1492 1139 1572 perlectis,
1162 1489 1298 1552 andimus
1321 1485 1486 1558 contineri,

286 1598 531 1684 quemadmodum
549 1599 637 1663 etiarn
653 1597 837 1680 temporibus
855 1598 980 1660 aliorum
998 1596 1228 1680 voyowodarum
1237 1594 1486 1675 Transsylrano·

284 1726 350 1770 rum
368 1711 594 1769 antecessorum
610 1705 874 1775 nostrorum,siout
886 1705 916 1766 in
933 1705 1028 1766 literis
1040 1703 1211 1786 patentibus
1223 1700 1392 1765 eorundem
1408 1699 1489 1780 Ipsis

286 1813 455 1897 hospitibus
473 1831 565 1896 super·
589 1811 647 1875 boo
670 1811 825 1875 concessis
849 1818 881 1874 et
902 1810 990 1874 nobis
1012 1810 1154 1874 exhibitis
1250 1807 1398 1869 videntur
1412 1804 1490 1868 dicti

286 1921 442 2003 hospItes,
465 1919 494 1982 in
522 1920 586 1982 suis
614 1918 801 1981 libertatibus
817 1938 872 1999 per
893 1919 1049 2000 predictos
1070 1936 1162 1999 reges
1178 1917 1294 1980 eisdem
1313 1914 1489 1982 concessis,

285 2035 375 2110 atquo
396 2025 518 2088 traditis
535 2026 729 2089 dinoscuntur
750 2027 971 2109 permansisse,
987 2025 1029 2087 ita
1052 2024 1207 2096 videlicet,
1226 2022 1310 2106 quod
1325 2041 1432 2084 comes
1448 2019 1489 2081 de

289 2131 407 2204 Zonuh,
431 2133 481 2216 qni
497 2152 552 2214 pro
570 2139 706 2216 tempore
723 2152 778 2215 per
795 2152 848 2194 nos
861 2132 951 2195 inerit
966 2133 1162 2202 constitutos,
1180 2131 1227 2194 rel
1243 2129 1405 2200 officialis,
1422 2129 1490 2189 sive

285 2237 444 2320 vicejudex
460 2237 594 2319 ejusdem
611 2239 640 2302 in
658 2239 739 2302 nullo
756 2240 883 2302 articulo
900 2259 1056 2302 causarum
1073 2257 1193 2321 quoquo
1209 2237 1298 2299 modo
1311 2237 1395 2298 iuter
1405 2237 1490 2316 ipsos

289 2345 425 2429 hospites
443 2346 676 2426 emergentium,
706 2346 830 2409 eosdem
847 2347 946 2410 valeat
958 2346 1115 2428 judicare,
1139 2345 1188 2408 vel
1205 2344 1399 2427 aliquatenus
1415 2362 1491 2424 per-

288 2451 411 2516 turbare
430 2457 533 2515 contra
553 2453 676 2516 sormam
699 2453 927 2536 privilegiorum
949 2473 1055 2534 regum
1072 2451 1287 2534 predictorum,
1306 2451 1363 2514 sed
1382 2470 1490 2513 omnes

290 2579 399 2623 causas
428 2559 507 2622 inter
528 2559 611 2643 ipsos
634 2564 829 2640 emergentes
846 2560 964 2624 villicus
982 2579 1102 2629 eorum,
1127 2559 1179 2640 qui
1195 2579 1251 2640 pro
1275 2566 1419 2640 tempore
1435 2575 1494 2639 per

289 2665 412 2730 eosdem
441 2663 622 2728 constitutus
650 2665 759 2736 fuerit,
791 2665 948 2745 judicandi
977 2665 1105 2728 liberam
1136 2673 1169 2727 et
1196 2684 1336 2728 securam
1368 2663 1497 2727 habebit

288 2772 470 2843 facultatem,
488 2770 514 2833 si
526 2769 602 2834 vero'
616 2770 734 2834 villicus
750 2771 884 2854 ipsorum
897 2771 1045 2856 aliquibus
1059 2775 1210 2836 extraneis
1218 2773 1371 2853 justitiam
1387 2773 1494 2834 faeere

289 2877 472 2960 denegaret,
499 2882 607 2941 extunc
634 2879 700 2958 ipse
722 2877 840 2942 villicus
863 2879 902 2943 ad
928 2879 1060 2959 regiam,
1084 2881 1130 2943 rel
1151 2886 1285 2942 nostram
1302 2879 1494 2961 presentiam

288 3004 382 3067 super
409 2985 468 3048 hoo
495 2989 653 3054 evocetur,
678 2988 711 3046 ut
736 2984 872 3048 omnibus
888 2984 1118 3068 querelantibus
1138 2986 1177 3049 de
1194 2986 1302 3050 eodem
1320 3006 1378 3067 per
1395 2985 1495 3048 domi-

289 3110 357 3155 num
373 3109 495 3173 regem,
521 3089 569 3154 vel
586 3109 639 3152 nos
660 3088 775 3169 justitia
792 3091 1044 3175 complementum
1060 3092 1168 3156 ordine
1185 3092 1350 3173 judiciario
1372 3093 1495 3174 impen-

289 3196 386 3259 datur.
410 3197 517 3259 Datum
532 3196 563 3258 in
580 3195 743 3259 Deeswaar
758 3197 788 3261 in
804 3199 883 3260 testo
900 3198 980 3262 beati
996 3198 1113 3261 Thome
1129 3198 1259 3281 apostoli
1276 3219 1356 3262 anno
1380 3198 1495 3262 domini

290 3300 370 3365 Meo
387 3303 710 3384 ootoogesimoquarto.

803 3485 967 3556 CXXXIX.

848 3619 927 3675 1285.

379 3722 537 3789 Ladislans
559 3727 618 3789 Dei
640 3728 738 3809 gratIa
759 3747 813 3789 rex
835 3728 998 3810 Hungarie.
1031 3729 1180 3793 Omnibus
1202 3737 1367 3812 presentes
1391 3732 1496 3795 literas

289 3831 473 3912 inspecturis
490 3831 616 3896 salutem
633 3833 663 3894 in
680 3851 753 3896 vero
769 3833 930 3898 salvatore.
955 3837 1142 3900 Auctoritate
1163 3839 1250 3916 regia
1268 3836 1400 3901 firmiter
1422 3859 1495 3921 pre-

213 3955 216 3960 ’
291 3937 417 4019 cipimus
434 3938 598 4010 universis,
628 3938 709 4022 quod
726 3940 764 4002 de
787 3940 854 4004 rino
876 3943 1007 4024 ipsorum
1032 3942 1182 4026 hospitum
1206 3951 1385 4006 nostrorum
1408 3946 1495 4008 vide·

288 4044 362 4106 licet
378 4042 563 4114 deKarelrm
573 4050 604 4107 et
616 4043 655 4106 de
666 4045 886 4130 Krapundorf,
899 4067 957 4111 nee
973 4049 1012 4111 de
1026 4051 1241 4122 vendentibus,
1254 4069 1314 4112 nec
1332 4051 1373 4114 de
1392 4071 1496 4114 ernen-

289 4146 371 4211 tibus
389 4148 534 4212 tributum
549 4149 670 4233 aliquod
686 4151 793 4234 aliquis
809 4154 920 4216 audeat
935 4156 1091 4238 recipere,
1116 4178 1175 4221 nee
1191 4178 1286 4241 super
1302 4161 1422 4221 terram
1439 4179 1493 4222 nec

289 4272 521 4336 superaquam,
538 4275 625 4338 quam
645 4275 699 4318 nos
716 4258 791 4340 ipsis
808 4259 1032 4324 huiusmodi...
1049 4263 1196 4329 duIsImus
1213 4264 1390 4329 libertatem
1400 4289 1410 4339 ;
1430 4268 1494 4349 qui-

289 4377 407 4441 cunque
424 4379 495 4421 vero
508 4361 600 4424 vellet
612 4362 764 4444 accipere,
772 4364 847 4428 iram
864 4373 996 4431 nostram
1014 4370 1152 4449 graviter
1167 4373 1323 4441 incurret;
1341 4377 1377 4436 ut
1394 4378 1491 4436 autem

288 4484 416 4552 presens
434 4468 580 4548 scriptum
605 4465 720 4530 firmum
744 4489 778 4532 ac
803 4471 912 4535 stabile
933 4479 1125 4556 permaneat,
1150 4483 1330 4559 presentem
1350 4481 1491 4564 paginam
