3150 5092
462 578 512 632 ρει·
523 561 641 614 homines
661 578 723 614 suos
736 560 827 631 regios
840 559 912 614 adid
926 559 1067 630 deputatos
1081 598 1087 610 .
1103 596 1110 610 .
1124 594 1130 611 .
1144 557 1266 612 comitem
1280 558 1406 611 videlicet
1419 558 1509 610 Nico-

463 651 534 705 laum
547 651 580 704 de
589 651 704 704 Gurubas
718 655 745 703 et
758 651 880 704 comitem
893 651 998 704 Petrum
1012 648 1046 701 ds
1059 648 1143 702 Forro
1156 651 1205 702 sub
1219 649 1371 703 testimonio
1386 686 1393 701 .
1406 688 1414 701 .
1429 649 1509 702 Mar-

463 740 511 795 tini
523 781 545 796 ..
557 741 676 794 custodis
690 745 718 794 et
731 740 851 795 canonici
861 781 882 794 ..
894 757 951 794 ecc.
960 738 1130 793 Versdicnsis
1143 739 1232 793 statim
1244 743 1307 811 post
1321 742 1444 792 exustam
1458 755 1511 808 per

464 831 583 885 Saxones
595 830 774 885 cathedralem
785 847 841 884 ecc.
852 831 991 884 Albensem
1005 829 1148 898 capitulum
1163 828 1283 897 ejusdem
1292 830 1321 883 et
1330 832 1393 901 post
1405 830 1509 882 amissa

464 921 603 992 priuilegia
624 921 733 992 capituli
748 938 807 975 curn
825 921 911 992 sigillo
925 919 958 974 sd
972 920 1194 973 restaurationem
1209 919 1330 990 ejusdem
1350 920 1467 990 capituli
1481 923 1510 972 et

464 1011 662 1084 praedictorum
672 1013 798 1065 bonorum
809 1011 1043 1082 possessionarum,
1056 1008 1144 1062 tactas
1155 1012 1182 1062 et
1194 1013 1382 1080 sequestratae
1396 1011 1509 1063 inerant

466 1119 491 1156 a.
507 1101 533 1155 d.
552 1102 617 1156 mill.
634 1101 739 1156 ducent.
756 1117 852 1170 nonsg.
872 1118 956 1162 nono,
979 1101 1138 1168 litteraeque
1155 1100 1296 1154 earundem
1312 1099 1510 1154 renmbulatio·

465 1207 526 1246 num
536 1191 628 1244 eodem
640 1191 855 1245 annocenteetae
866 1193 893 1244 et
907 1192 1044 1244 emanatas
1056 1193 1126 1253 sunl,
1139 1206 1205 1259 quas
1218 1229 1225 1243 .
1239 1227 1246 1243 .
1260 1230 1267 1245 .
1281 1189 1308 1244 d.
1318 1188 1507 1244 Ludouicusd.

468 1281 649 1352 gdiungariae
658 1285 709 1334 etc.
717 1299 763 1336 rex
820 1321 827 1332 .
841 1281 997 1352 spprobaril
1010 1282 1038 1333 et
1050 1279 1190 1334 ratificasit
1200 1320 1206 1333 .
1218 1320 1225 1332 .
1237 1321 1243 1332 .
1254 1279 1428 1335 annodomini
1441 1280 1508 1332 mill.

470 1374 539 1426 trec.
551 1387 641 1440 sexag.
654 1389 732 1425 nono.
745 1371 773 1424 ln
785 1372 881 1441 quibus
891 1370 989 1424 litteris
1001 1370 1069 1424 iuter
1083 1369 1148 1423 olias
1161 1369 1384 1424 reambulationes
1395 1385 1508 1439 quoque

469 1463 775 1532 metarumpossessionis
786 1460 936 1514 Rorband
950 1463 1050 1530 aparte
1058 1461 1151 1531 oppidi
1160 1461 1287 1513 Ksrako
1297 1460 1507 1514 talisubteuorc

467 1552 647 1605 continentur:
669 1552 744 1606 Unde
764 1568 812 1623 per
829 1551 916 1621 ipsum
928 1550 1030 1621 Ompay
1042 1549 1147 1603 flurium
1159 1551 1313 1604 ascenditur
1329 1551 1401 1604 inter
1413 1552 1505 1602 terras

467 1641 578 1711 capituli
596 1643 629 1694 ab
649 1645 763 1712 utraque
785 1644 863 1712 parte
887 1639 956 1693 florii
975 1657 1060 1710 usque
1083 1639 1222 1694 adlocuta
1245 1640 1289 1694 ubi
1314 1639 1385 1692 idem
1407 1637 1505 1692 durius
1569 1652 1570 1675 ι

465 1734 601 1785 extractus
611 1730 661 1784 tuit
673 1731 707 1784 dc
719 1730 802 1785 veteri
814 1730 891 1784 fluvio
905 1731 1017 1802 Ompay,
1029 1734 1200 1782 truoseuntes
1210 1746 1260 1801 per
1273 1729 1359 1782 villam
1372 1727 1508 1788 Borbaad,

467 1823 494 1874 et
507 1838 556 1892 per
570 1824 655 1875 locum
663 1821 744 1892 ipsius
753 1821 851 1875 veteris
860 1820 962 1892 Ompay
972 1819 998 1872 in
1012 1820 1071 1889 ipso
1081 1819 1151 1872 exitu
1165 1820 1288 1890 predicta
1301 1822 1373 1872 terra
1383 1816 1508 1871 Rorband
1569 1862 1570 1889 ,

467 1915 652 1973 commutatur,
671 1916 759 1966 terrae
773 1911 870 1964 domini
885 1910 1004 1981 episcopi
1018 1909 1087 1963 Sard
1098 1912 1224 1972 vocatae,
1243 1909 1270 1962 in
1283 1909 1359 1980 cujus
1371 1908 1508 1961 vicinitate
1569 1892 1570 1963 i

471 2017 520 2072 per
540 2001 627 2054 locum
645 2002 744 2056 veteris
761 2000 877 2072 Ompey,
897 1999 924 2052 in
942 2000 1014 2069 Seag
1032 1999 1175 2054 revertitur
1194 1999 1375 2053 adorientem
1395 1998 1428 2050 ad
1449 2001 1507 2050 tres
1569 2020 1570 2071 ι

468 2094 553 2144 metas
571 2093 687 2152 terreas,
705 2091 731 2143 iu
748 2089 799 2143 fine
812 2093 931 2145 satorum
943 2089 1059 2159 positas,
1078 2107 1189 2159 quarum
1201 2106 1253 2142 una
1266 2093 1309 2142 est
1320 2092 1410 2142 terrae
1423 2088 1506 2147 Sard,
1569 2076 1570 2123 Ῑ

468 2180 519 2234 alia
528 2180 736 2252 terranmpey,
748 2181 828 2233 tertia
841 2196 903 2233 vero
911 2182 1000 2232 terrae
1012 2179 1134 2232 Borband
1147 2179 1352 2249 praedictarum.
1362 2178 1427 2233 Inde
1441 2177 1508 2230 flec-

472 2269 539 2324 titur
552 2273 645 2324 contra
659 2269 886 2340 septemtrionem,
898 2272 927 2322 et
939 2269 1021 2322 intrat
1033 2285 1122 2321 nemus
1136 2267 1238 2340 Ompey
1250 2269 1284 2322 ad
1298 2271 1419 2322 arborem
1432 2268 1506 2321 Tuul

470 2363 538 2412 meta
563 2363 654 2413 terrea
676 2359 874 2413 circumdatam.
908 2358 971 2412 inde
994 2359 1126 2412 transiens
1148 2358 1233 2429 ipsum
1256 2361 1375 2411 veterem
1398 2357 1506 2410 fluvium

470 2448 573 2522 Ompey
588 2450 614 2502 in
632 2448 746 2518 quadam
759 2465 824 2504 rena
837 2449 908 2503 venit
925 2449 959 2509 ad
979 2450 1100 2502 arborem
1116 2449 1185 2502 ilicis
1203 2452 1273 2503 mela
1286 2452 1375 2502 terrea
1389 2447 1507 2500 circum-

469 2543 587 2610 septam,
602 2539 663 2593 inde
677 2539 710 2592 ad
723 2542 821 2593 metam
833 2541 947 2592 terream
960 2539 985 2591 in
999 2555 1051 2608 qua
1065 2541 1107 2591 est
1120 2541 1198 2592 arbor
1210 2539 1283 2601 Twl,
1296 2536 1357 2590 inde
1369 2538 1504 2590 transiens

470 2629 555 2701 ipsum
568 2646 659 2684 nemus
673 2629 745 2683 cadit
757 2629 783 2681 in
796 2630 876 2690 mam,
894 2645 1034 2700 perquam
1051 2629 1104 2682 itur
1116 2628 1203 2682 adhuc
1223 2630 1256 2683 ad
1275 2627 1503 2699 septemtrionem,

465 2720 542 2791 juxta
561 2737 639 2790 quam
657 2722 690 2772 ab
704 2719 806 2772 oriente
822 2722 864 2772 est
881 2722 950 2772 meta
969 2721 1073 2780 terrea,
1096 2719 1167 2772 unde
1186 2735 1236 2790 per
1249 2719 1360 2771 eandem
1377 2719 1412 2770 ad
1435 2719 1502 2771 duas

467 2813 566 2871 metas,
589 2827 700 2879 quarum
719 2827 770 2862 una
788 2811 832 2861 est
849 2808 875 2861 in
893 2807 948 2870 ria,
972 2806 1022 2861 alia
1037 2809 1114 2879 juxta
1132 2809 1199 2862 viam
1219 2810 1266 2861 sub
1280 2808 1359 2861 dumo
1378 2808 1449 2861 ilicis
1471 2810 1501 2862 ab

469 2901 578 2961 criente,
592 2900 653 2953 inde
667 2917 715 2972 per
727 2899 837 2953 eandem
850 2897 917 2952 viam
929 2898 955 2950 in
967 2898 1070 2961 vallem,
1086 2897 1145 2950 binc
1159 2899 1279 2952 ascendit
1291 2900 1324 2953 ad
1337 2901 1457 2952 montem
1470 2898 1502 2951 ad
1569 2883 1570 2893 ¹

468 2991 525 3044 tres
537 2992 623 3044 metas
637 2991 749 3051 terreos,
762 3006 873 3058 quarum
886 3006 938 3042 una
956 2993 998 3042 est
1011 2988 1173 3059 episcopalis
1192 2989 1276 3043 altera
1288 2989 1409 3059 capituli,
1423 2988 1504 3042 tertia
1569 3005 1570 3051 ι

465 3097 528 3134 vero
539 3079 671 3149 hospitum
683 3081 715 3132 de
725 3080 841 3140 Korkoo,
854 3079 898 3132 ubi
912 3082 985 3133 terra
995 3078 1117 3131 Borband
1130 3078 1266 3133 ameridis
1278 3084 1350 3133 terra
1360 3096 1426 3133 vcro
1436 3077 1503 3133 Sard
1569 3104 1570 3107 =

469 3171 502 3222 ab
516 3171 654 3224 occidente
669 3171 796 3232 existunt,
816 3171 861 3224 ubi
878 3171 903 3222 in
921 3171 1004 3223 latere
1017 3169 1113 3222 montis
1127 3186 1142 3222 a
1154 3169 1357 3238 septemtrione,
1369 3168 1398 3222 in
1410 3169 1502 3222 ricini-
1569 3158 1570 3191 ³

468 3262 525 3314 tate
539 3260 668 3314 dictorum
681 3261 813 3330 hospitum
822 3261 939 3321 Korkou,
957 3263 1092 3329 postremo
1106 3261 1216 3314 vertitur
1228 3264 1319 3313 contra
1332 3259 1464 3312 orientem
1478 3263 1503 3310 ct
1569 3252 1570 3259 ’

469 3350 589 3404 ascendit
601 3368 649 3422 per
661 3351 726 3403 viam
741 3351 773 3403 ad
787 3351 853 3404 duas
867 3355 950 3404 metas
962 3354 1065 3404 terreas
1080 3349 1157 3418 juxta
1169 3350 1236 3403 riam
1249 3350 1281 3402 ab
1294 3352 1411 3418 utraque
1426 3350 1500 3419 parte

468 3439 582 3510 positas,
607 3457 717 3510 quarum
739 3458 787 3494 una
801 3445 842 3494 est
859 3441 932 3495 Pauli
945 3441 979 3493 de
991 3441 1103 3495 Oorkow
1116 3442 1144 3493 et
1157 3439 1241 3492 altera
1255 3438 1379 3510 capitali;
1402 3439 1466 3492 inde
1478 3439 1503 3490 in

470 3529 561 3582 codem
581 3530 666 3583 latere
686 3530 897 3599 septemtrionali
916 3529 1088 3585 descenditur
1109 3529 1142 3581 ad
1166 3545 1243 3582 unam
1262 3530 1358 3581 metam
1378 3532 1503 3587 terream,

469 3618 538 3672 unde
551 3619 655 3673 venitur
668 3620 701 3672 ad
714 3622 769 3672 tres
782 3623 995 3682 molestemus,
1014 3637 1124 3691 quarum
1139 3636 1189 3672 una
1204 3621 1246 3672 est
1259 3622 1347 3672 terrae
1360 3620 1503 3679 Barbautb‚

469 3709 519 3763 alia
531 3709 664 3780 hospitum
678 3709 711 3761 de
724 3709 820 3780 iguem
834 3709 914 3762 tertia
927 3709 991 3762 dicti
1004 3708 1092 3769 Pauli,
1108 3725 1159 3779 per
1171 3711 1291 3779 quartam
1303 3709 1391 3762 adhuc
1403 3727 1502 3779 proce·
1518 3711 1526 3728 ⁶

470 3799 539 3852 ditur
552 3802 639 3852 aulem
653 3803 744 3852 contra
754 3799 881 3852 orientem
893 3799 919 3851 in
933 3798 1024 3851 eodem
1037 3798 1121 3851 latere
1136 3801 1163 3851 et
1173 3798 1277 3851 venitur
1291 3798 1323 3851 ad
1336 3801 1437 3852 metam
1449 3803 1502 3853 ter-

468 3905 540 3941 ream
555 3889 713 3942 dividentem
726 3892 824 3942 terram
838 3889 956 3942 Barband
971 3890 999 3941 et
1011 3891 1107 3941 terram
1119 3889 1202 3956 lguen
1214 3889 1283 3943 unde
1296 3889 1454 3943 ascenditur
1471 3890 1502 3942 ad

469 3977 551 4031 Bercz
570 3979 602 4032 ad
621 3982 678 4032 tres
697 3982 796 4041 metas,
818 3996 926 4049 quarum
945 3996 994 4031 una
1014 3983 1056 4033 est
1073 3979 1199 4050 capituli,
1219 3979 1303 4032 altera
1321 3981 1458 4050 hospitum
1471 3981 1502 4032 de

469 4067 551 4137 lgneo
565 4071 592 4122 et
603 4070 685 4122 tertia
699 4069 830 4140 hospitum
843 4068 876 4121 de
890 4067 1002 4122 Crakow
1013 4068 1226 4139 praedictorum,
1244 4071 1288 4123 nbi
1300 4069 1397 4140 incipit
1409 4075 1501 4123 tenere

471 4161 554 4212 metas
568 4176 626 4212 cnm
641 4159 791 4230 hospitibus
804 4161 837 4212 de
846 4158 956 4212 Crakow
966 4163 994 4212 et
1006 4177 1055 4230 per
1067 4160 1137 4213 idem
1149 4159 1231 4214 Bercn
1240 4160 1352 4214 vertitur
1365 4160 1503 4230 paulisper

470 4248 503 4300 ad
522 4249 656 4302 meridiem
670 4252 697 4302 et
715 4251 862 4304 ascendens
880 4250 914 4301 ad
931 4266 1008 4302 unam
1024 4255 1120 4303 metam
1133 4252 1204 4304 venit
1221 4252 1255 4304 ad
1272 4252 1349 4304 aliam
1367 4250 1395 4302 in
1408 4251 1501 4304 eodem
1569 4263 1570 4267 ¹

470 4337 567 4400 Brrca,
587 4340 612 4391 in
630 4356 683 4408 quo
702 4339 817 4393 declinat
835 4339 929 4392 iterum
947 4340 1140 4402 adorientem,
1159 4345 1187 4394 et
1204 4341 1274 4395 venit
1292 4341 1326 4393 ad
1339 4339 1404 4393 duas
1416 4344 1502 4394 metas
1569 4372 1570 4412 1

470 4431 582 4492 terreas,
595 4429 664 4483 unde
678 4430 798 4482 ascendit
815 4447 863 4500 per
876 4431 982 4483 dorsum
995 4431 1089 4485 montis
1103 4430 1181 4483 Eleos
1193 4431 1275 4484 Bercn
1287 4429 1374 4483 vocati
1387 4430 1419 4484 ad
1436 4431 1500 4484 duas
1569 4418 1570 4437 ³

471 4524 563 4583 metas,
577 4520 636 4573 inde
648 4519 739 4573 eodem
752 4535 846 4588 gressu
860 4520 892 4573 ad
905 4521 971 4574 duas
984 4525 1076 4582 metas,
1089 4521 1159 4574 unde
1169 4521 1271 4575 venitur
1284 4519 1317 4572 ad
1330 4521 1500 4590 supercilium
