3150 5092
320 340 396 411 128

314 515 386 579 villa
408 512 485 599 Gylo
498 513 527 597 ¹)
555 511 626 577 villa
654 511 738 597 Kpt)
763 514 794 574 et
815 510 886 575 villa
904 508 1102 594 Keresler⁸)‚
1132 512 1201 573 item
1233 511 1264 571 in
1293 510 1436 572 comitatu
1465 510 1502 572 de

316 619 432 683 Dobilra
450 619 516 682 villa
533 617 700 704 Hereum),
723 623 754 681 et
770 615 944 701 sylorum),
966 619 1037 681 item
1053 619 1084 680 in
1101 617 1243 681 comitatu
1259 616 1299 679 de
1319 615 1424 680 Zonuh
1439 616 1508 679 villa

317 727 420 809 Zylah
438 735 470 790 et
484 726 554 789 villa
570 725 711 798 Tusnad,
728 728 799 788 item
815 727 846 788 in
863 725 1005 788 comitatu
1023 725 1061 788 de
1079 725 1198 788 Zatmar
1219 725 1287 788 villa
1303 724 1402 795 libes,
1426 729 1457 785 et
1479 724 1508 784 in

316 835 458 900 comitatu
481 833 652 898 Bihoriensi
679 832 747 897 villa
772 831 973 916 baratpispuk
993 831 1129 915 inquilini
1152 831 1338 906 habeantur,
1360 851 1419 892 nec
1440 829 1509 893 illuc

317 943 513 1014 conveniant,
545 943 603 1005 nisi
636 961 707 1012 eos,
740 948 771 1004 et
806 939 881 1003 alios
912 942 1163 1023 supervenientes
1191 938 1331 1002 libertate
1363 937 1510 1001 vberioris

316 1051 415 1132 gratie
432 1050 624 1133 dignaremur
639 1049 810 1132 prevenire.
824 1048 885 1110 Nos
902 1049 996 1130 igitur
1008 1048 1246 1124 considerantes,
1259 1046 1339 1131 quod
1354 1066 1391 1108 ex
1409 1046 1508 1108 incre·

316 1165 417 1221 mento
434 1158 557 1221 honoris
574 1157 755 1241 pontificalis
773 1156 860 1220 simul
876 1165 908 1218 et
924 1157 1010 1238 regia
1023 1156 1157 1236 dignitas
1171 1157 1318 1238 suscipiat
1339 1155 1508 1218 incremen-

316 1271 387 1338 tum,
410 1275 442 1334 ut
464 1267 569 1330 eadem
592 1266 724 1330 ecclesia
746 1267 776 1328 in
799 1267 957 1349 pristinum
980 1270 1089 1328 statum
1105 1266 1202 1349 possit
1218 1264 1389 1333 reformari,
1413 1268 1507 1325 atten-

316 1374 486 1459 dentesque
501 1375 596 1457 ipsius
614 1373 797 1438 venerabilis
822 1373 917 1455 patris
934 1372 1097 1436 fidelitates
1116 1377 1148 1435 et
1162 1377 1248 1452 grata
1264 1370 1429 1454 obsequia,
1453 1388 1507 1452 qne

316 1482 345 1544 in
363 1481 570 1565 expugnandis
586 1481 778 1545 destruendis
795 1483 905 1546 castris
918 1481 1103 1566 quorundam
1118 1481 1285 1542 incolarum
1296 1479 1387 1558 regni
1402 1476 1507 1545 nostri,

317 1589 478 1672 exquibus
502 1589 598 1672 spolia
622 1594 652 1651 et
673 1594 775 1653 vastus
797 1589 827 1650 in
849 1589 946 1651 nostri
970 1589 1094 1652 honoris
1117 1587 1345 1656 detrimentum,
1372 1592 1403 1647 et
1425 1585 1507 1664 regni

317 1698 413 1760 nostri
430 1696 590 1780 dampnum
607 1717 666 1760 non
682 1697 842 1769 modicum,
859 1697 942 1760 circa
952 1696 1074 1760 flurium
1086 1696 1206 1766 Zomus,
1220 1700 1251 1756 et
1267 1695 1350 1758 circa
1360 1691 1508 1775 publicam

317 1809 452 1876 stratam,
469 1825 625 1888 perquam
642 1808 702 1868 itur
718 1805 754 1867 ad
771 1812 874 1888 partes
891 1804 1116 1876 Transiluanas‚
1133 1801 1409 1872 committebantur,
1427 1799 1507 1862 exbi-

316 1910 391 1987 buit,
407 1932 443 1974 ex
459 1911 652 1992 indulgencia
668 1910 753 1992 regie
770 1912 975 1992 benignitatis,
988 1913 1019 1974 in
1034 1911 1345 1994 recompensationem
1363 1907 1508 1970 servicio-

315 2039 380 2083 rum
401 2021 498 2102 ipsius
515 2021 730 2102 predictorum,
752 2021 843 2083 talem
858 2021 993 2101 graciam
1008 2020 1037 2082 ei
1053 2020 1190 2082 duximus
1206 2017 1387 2088 faciendam,
1409 2021 1441 2078 rt
1452 2023 1507 2076 tam

315 2129 434 2211 priores
457 2127 595 2212 inquilini
618 2128 750 2191 civitatis
767 2128 923 2198 Albensis‚
948 2132 979 2190 ct
1000 2127 1124 2190 aliarum
1144 2127 1280 2190 villarum
1298 2144 1422 2187 suarum
1439 2141 1506 2204 pre·

315 2235 506 2318 scriptarum,
528 2254 617 2317 quam
639 2235 726 2298 ctiam
752 2235 889 2318 hospites
912 2235 1009 2298 libere
1031 2234 1217 2297 condicionis
1241 2233 1279 2296 de
1301 2251 1381 2294 nouo
1400 2249 1507 2294 conue-

315 2345 444 2413 nientes,
457 2364 473 2406 a
487 2342 603 2424 judicio
620 2342 773 2426 vayavode
786 2341 992 2406 Transsiluani
1003 2361 1058 2423 pro
1074 2347 1212 2424 ternpore
1225 2340 1394 2414 constituti,
1416 2339 1506 2402 corni·

315 2455 377 2513 tum
394 2450 628 2533 parochialium,
655 2471 711 2514 nec
735 2470 795 2512 non
812 2456 843 2514 et
865 2451 990 2514 aliorum
1012 2451 1142 2512 omnium
1158 2448 1295 2530 judicum
1312 2448 1435 2530 penitus
1452 2446 1508 2507 sint

316 2552 1509 2639 emmfflmffimmmmmwmmfflmmffimmmmmm

315 2657 1509 2747 TmfflMmfffflmqmmmhffimmwmmoemmmdmm

317 2772 495 2855 episcopus,
522 2776 572 2834 aut
591 2770 711 2852 jndices
735 2791 791 2854 per
814 2773 910 2854 ipsum
935 2772 1027 2853 positi
1050 2773 1081 2833 in
1100 2759 1261 2832 reddenda
1272 2767 1398 2848 justicia
1415 2765 1507 2846 negli-

315 2885 423 2962 gentes
439 2879 551 2942 t'uerint
566 2884 616 2944 aut
633 2880 763 2952 remissi,
782 2879 830 2942 uel
846 2885 905 2943 tam
924 2879 1047 2942 arduum
1064 2883 1150 2940 esset
1165 2878 1338 2959 negocium,
1355 2875 1437 2960 quod
1453 2873 1508 2955 ipsi

311 2988 465 3070 justiciam
488 2990 590 3051 facere
616 3008 672 3051 non
695 2987 847 3060 valerent,
872 2989 937 3070 ipsa
961 3007 1051 3051 causa
1075 2985 1124 3050 vel
1149 2987 1210 3048 tale
1232 2985 1394 3066 negocium
1423 2983 1505 3062 regis

315 3100 427 3159 tantum
455 3095 620 3177 majestatis
648 3096 775 3158 examini
796 3095 982 3158 terminanda
1004 3096 1170 3159 deferatur.
1196 3094 1289 3155 Prout
1316 3091 1410 3154 etiam
1433 3090 1506 3152 hanc

315 3206 443 3286 gratiam
460 3204 596 3267 dominns
613 3223 666 3266 rex
682 3203 755 3266 Bela
773 3223 846 3266 auus
863 3208 967 3266 noster
982 3202 1158 3265 karissimus
1175 3199 1353 3285 quibusdam
1376 3198 1457 3261 villis
1477 3198 1505 3257 et

314 3311 484 3376 civitatibus
500 3313 595 3395 ipsius
612 3311 806 3396 episcopatus
820 3315 1028 3382 concesserat,
1046 3311 1126 3374 sicut
1141 3311 1173 3371 in
1186 3307 1324 3388 ejusdem
1336 3304 1502 3390 privilegio.

311 3412 1561 3502 perharissmrmnpatrernrmstrurnstepdrmumnilhrstrenrregensthm·¹

314 3519 1504 3608 mmmmmffimmmmfflwwwmmmmm

314 3639 484 3717 reportate,
509 3641 643 3708 nostrum
670 3633 766 3696 eidem
795 3653 887 3715 super
909 3634 1067 3716 premissis
1087 3631 1283 3716 priuilegium
1307 3631 1501 3693 conferemus.

315 3743 422 3805 Datum
434 3741 518 3824 juxta
535 3743 655 3806 fluvium
672 3741 793 3804 hernad
820 3760 916 3823 prope
938 3740 1034 3805 villam
1055 3738 1146 3811 Zaira,
1163 3739 1290 3801 infesto
1307 3737 1391 3800 beati
1407 3736 1500 3798 Bene·

314 3849 389 3914 dicti
405 3851 603 3914 contessoris.
628 3849 712 3912 Anno
729 3848 842 3912 domini
859 3849 904 3910 ht⁰
920 3845 984 3910 CC⁰
1000 3847 1206 3928 octuagesimo
1223 3843 1372 3908 secundo.

348 4136 371 4196 ¹)
389 4136 429 4183 ner
446 4140 505 4194 arsy
522 4137 687 4192 „arsimone
699 4137 726 4180 u.
737 4136 793 4180 ms.
805 4135 862 4179 stau
878 4133 934 4179 sno
952 4133 1065 4191 fronuger
1081 4133 1135 4177 vura
1151 4131 1232 4183 corn,
1250 4131 1272 4174 a.
1285 4129 1302 4172 r.
1316 4130 1399 4187 cyon.
1416 4130 1440 4173 n
1455 4127 1500 4170 oen
1560 4110 1561 4157 l

388 4221 526 4265 Transsumt
542 4234 588 4264 von
606 4219 667 4264 1296
686 4218 756 4272 ,villa
774 4217 856 4261 Gelo“.

345 4298 370 4359 ⁸)
387 4295 490 4358 Kemdny
507 4302 562 4347 lisst
577 4303 664 4362 Kapus,
682 4300 724 4343 der
741 4299 877 4343 Transsumt
893 4309 940 4341 ron
958 4297 1020 4342 1296
1037 4297 1128 4352 „Kop“.

347 4377 371 4440 8)
389 4381 499 4426 sorsaco.

346 4464 371 4517 ⁴)
391 4463 482 4508 Harina.

346 4545 460 4607 ⁵)ui1ak.
477 4547 523 4589 Dsr
540 4544 676 4587 'transsumt
692 4553 737 4584 von
756 4539 818 4584 1296
834 4538 937 4583 schreibt
954 4538 1108 4592 ,cyolokulc
