3150 5092
324 350 402 423 220

322 545 397 610 opus
419 524 553 591 ecclesio
576 530 679 589 sancte
701 523 819 596 Crucis,
842 520 973 607 quinum
988 541 1104 586 marcas
1124 520 1268 586 iratribus
1283 520 1447 586 minoribus
1470 521 1510 586 dc

322 632 430 697 codem
447 631 484 697 ad
497 652 572 716 opus
585 630 718 695 ccclesia
733 633 839 694 sancte
854 628 1030 714 Elysabetb,
1047 628 1153 694 decem
1174 628 1318 694 fratribus
1340 630 1514 713 predicato-

321 739 407 804 ribus
423 740 454 804 in
471 740 566 803 Vincb
584 736 789 811 existentibus,
806 737 833 801 si
848 739 880 802 in
895 741 1187 823 oon'ventummsque
1201 736 1239 800 ad
1255 736 1511 820 complecoioncm

321 848 530 915 condicionum
546 846 786 931 supradictorum
798 847 890 910 tuerit
901 849 1021 909 erectus
1037 847 1117 911 idem
1133 846 1217 911 locus
1234 848 1280 910 siu
1296 851 1407 917 autem,
1421 848 1511 930 quin-

320 977 391 1042 que·
401 976 519 1021 mareas
542 954 685 1020 iratribus
701 955 762 1019 illic
785 954 998 1026 residentibus,
1021 960 1053 1018 ct
1069 957 1199 1040 quinque
1214 954 1358 1020 fratribus
1375 955 1413 1019 de
1429 954 1511 1017 Can-

322 1065 401 1137 dela,
421 1085 456 1129 ao
481 1064 586 1130 decem
603 1064 748 1128 fratribus
773 1063 1018 1146 predicatoribus
1038 1065 1076 1127 de
1092 1063 1272 1147 Seguswar,
1301 1066 1334 1129 et
1356 1064 1405 1128 sic
1427 1082 1513 1128 com·

320 1172 481 1259 plebuutur
507 1170 722 1256 quinquaginta
751 1190 855 1235 marce
879 1172 1019 1254 superins
1043 1175 1207 1244 nominate,
1230 1192 1287 1237 nec
1312 1173 1399 1255 prius
1428 1172 1513 1236 adire

322 1278 467 1346 debemus
495 1280 705 1363 possessiones
733 1285 932 1352 memoratas,
964 1281 1022 1343 nisi
1050 1282 1134 1363 prius
1161 1280 1378 1366 quinquaginta
1410 1300 1514 1343 marce

321 1388 490 1473 sepedicto,
513 1389 677 1453 secundum
708 1389 826 1453 modum
853 1394 1042 1471 prenotatam
1069 1389 1159 1472 plene
1186 1396 1219 1453 et
1245 1391 1375 1471 integre,
1401 1388 1514 1453 fuerint

321 1497 488 1581 persoluto.
518 1496 659 1560 Ceterum
681 1500 772 1559 totam
792 1496 1014 1560 ordinacionem
1037 1499 1147 1561 factam
1165 1496 1203 1560 de
1219 1495 1313 1561 uerbo
1329 1495 1368 1559 ad
1386 1494 1514 1561 uerbum

321 1623 387 1676 nos,
415 1603 494 1667 nullo
522 1601 561 1665 de
583 1601 670 1666 nobis
692 1602 935 1675 contradicente,
952 1602 1101 1667 benevole
1114 1622 1181 1666 cum
1199 1605 1371 1686 graciarum
1387 1604 1514 1668 accione

320 1716 475 1792 gratanter
491 1710 627 1773 duximus
644 1709 870 1793 acceptandam.
895 1710 927 1773 ln
945 1713 1030 1775 cuius
1045 1714 1093 1774 rei
1109 1716 1197 1792 geste
1218 1712 1425 1775 testimonium
1441 1731 1513 1793 pre-

320 1824 423 1883 sentes
447 1820 653 1882 concessimus
676 1816 794 1881 litteras
814 1819 975 1881 munimine
991 1820 1087 1883 nostri
1102 1819 1196 1901 sigilli
1212 1818 1381 1883 roboratas.
1406 1820 1513 1883 Datum

318 1928 348 1991 in
366 1926 444 1991 testo
458 1925 546 1991 beate
560 1926 735 2009 llangarete
750 1926 876 2008 virginis
889 1946 965 1989 anno
983 1926 1093 1990 domini
1109 1926 1266 1990 millesimo
1282 1927 1511 1991 trecentesimo.

844 2257 992 2329 CCXXV.

753 2410 839 2474 130⁰,
852 2410 895 2464 ll.
910 2411 1076 2481 September.

407 2553 575 2639 Capitulum
592 2554 725 2621 ecclesie
734 2555 815 2621 beati
828 2555 985 2621 Michaelis
1002 2556 1177 2638 archangeli
1189 2555 1400 2619 Transiluanie
1415 2558 1512 2621 omni·

320 2665 374 2729 bus
391 2662 504 2729 Christi
521 2662 659 2728 fidelibus
676 2684 805 2747 presens
820 2667 968 2747 scriptum
989 2665 1174 2748 inspecturis
1192 2663 1319 2727 salutem
1335 2666 1367 2727 in
1382 2666 1512 2729 omnium

319 2772 479 2837 saluatore.
501 2772 572 2836 Cum
594 2791 716 2856 semper
739 2774 777 2836 sit
794 2771 944 2836 stabiliter
968 2773 1090 2835 etuiuat
1106 2773 1184 2835 actio
1200 2792 1269 2836 oum
1285 2792 1321 2835 se
1340 2772 1426 2835 litera
1438 2774 1512 2836 facit

319 2882 531 2953 deffensorem,
548 2879 676 2964 proinde
694 2881 956 2947 advniuersorum
974 2881 1114 2945 noticiam
1129 2885 1190 2943 tam
1210 2883 1405 2963 presencium
1423 2901 1510 2966 quam

318 2991 484 3055 futurorum
508 2989 612 3053 harum
631 2990 714 3053 serie
737 2990 872 3055 uolumus
893 2990 1055 3073 peruenire
1079 2989 1160 3075 quod
1176 2989 1339 3069 religiosus
1354 2990 1402 3054 vir
1416 2990 1511 3055 frater

318 3100 461 3163 Locorum
478 3096 571 3163 abbas
588 3097 626 3161 de
651 3099 906 3163 Coluamoouatro
929 3097 967 3161 ad
993 3101 1124 3160 nostram
1147 3095 1298 3160 accedens
1319 3098 1509 3180 presenciam

318 3206 453 3271 exhibuit
480 3204 566 3269 nobis
593 3205 738 3290 quasdam
762 3205 878 3269 litteras
905 3205 1157 3288 rescripoiouales
1185 3203 1240 3267 sub
1272 3204 1375 3285 sigillo
1406 3210 1508 3269 nostro

317 3315 425 3377 minori
450 3314 605 3379 confectas
631 3318 738 3396 petens
766 3333 820 3376 nos
844 3318 876 3377 vt
902 3312 1026 3377 easdem
1042 3312 1081 3376 de
1097 3311 1191 3377 verbo
1207 3311 1244 3375 ad
1267 3310 1391 3377 verbum
1408 3317 1507 3377 trans·

317 3422 411 3487 scribi
428 3426 459 3485 et
474 3422 504 3483 in
520 3421 645 3483 formam
662 3421 757 3483 nestri
773 3419 927 3503 priuilegij
945 3420 1045 3501 redigi
1061 3422 1164 3483 faeere
1176 3419 1370 3499 dignaremur
1384 3440 1507 3504 quorum

316 3530 437 3617 quidem
454 3534 541 3593 tenor
556 3528 625 3591 talis
642 3534 701 3593 est.
718 3526 830 3614 (Sicine
847 3528 990 3593 Urlrunde
1006 3527 1121 3592 CCXXI
1133 3550 1161 3591 v.
1176 3528 1230 3592 25.
1245 3528 1320 3593 Nor.
1335 3528 1454 3616 1299.)

406 3637 468 3701 Noa
496 3637 574 3701 enim
602 3636 757 3719 legittimis
781 3642 812 3700 et
834 3640 976 3720 congruis
1000 3636 1258 3721 postulacionibus
1276 3635 1374 3721 ipsius
1396 3638 1505 3703 domini

318 3747 424 3810 Lazari
440 3744 557 3809 abbatis
581 3750 612 3808 et
627 3746 747 3809 iusticie
765 3746 1101 3828 annuentes,predictas
1113 3745 1219 3809 literas
1231 3750 1352 3809 nostras
1368 3751 1504 3829 patentes

316 3856 394 3918 omni
409 3855 584 3937 integritate
595 3853 746 3936 pollentes
758 3873 817 3917 non
828 3852 952 3916 abrasas
965 3874 1022 3917 non
1039 3854 1221 3917 cancellatas
1233 3873 1292 3917 non
1308 3853 1437 3918 abolitas
1450 3875 1505 3917 non

317 3960 508 4025 obumbratas
526 3981 582 4026 nec
598 3962 628 4023 in
641 3962 739 4046 aliqua
756 3962 802 4025 sui
815 3966 902 4045 parte
914 3960 1038 4024 viciatus
1054 3962 1094 4025 de
1106 3959 1199 4025 verbo
1216 3960 1252 4023 ad
1269 3962 1395 4025 verbum
1409 3968 1504 4026 trans·

317 4067 411 4132 scribi
440 4073 471 4131 et
498 4068 821 4151 pendentibusliteris
844 4068 1085 4152 priuilegialibus
1108 4072 1220 4133 nostris
1245 4067 1342 4132 inseri
1367 4069 1503 4142 fecimus,

316 4197 390 4261 quas
404 4176 502 4240 eidem
515 4177 721 4241 concessimus
734 4175 771 4239 ad
785 4175 942 4241 cautelam.
951 4177 1058 4241 Datum
1068 4177 1098 4239 in
1110 4178 1190 4239 festo
1202 4177 1392 4240 incensionis
1404 4185 1503 4243 sancto

316 4286 416 4349 crucis
453 4303 528 4347 anno
557 4284 669 4347 domini
692 4282 849 4347 millesimo
874 4281 975 4347 000⁰.
993 4284 1147 4367 Stephano
1170 4283 1335 4368 preposito,
1356 4284 1502 4367 Gregorio

317 4396 457 4463 cantore,
484 4392 647 4457 Vincencio
673 4393 814 4463 custode,
847 4391 984 4455 iohanne
1012 4392 1126 4459 decano
1150 4392 1283 4456 ecclesie
1310 4399 1418 4456 nostre
1446 4395 1502 4458 cui·

316 4498 477 4565 utentibus.
