3150 5092
305 311 380 383 130

299 484 381 548 beati
406 483 575 556 Michaelis,
593 484 725 549 ecclesie
737 482 951 546 Transsiluane
968 481 1004 544 ab
1021 501 1078 545 vna
1094 486 1190 564 parte,
1206 480 1333 544 Petrum
1350 478 1509 548 comitem,

299 591 476 656 Samsonem
493 591 584 654 lilium
607 590 701 661 Pauli,
725 590 879 654 Nicolaum
905 592 936 651 et
953 587 1114 659 Andream
1130 587 1209 651 lilios
1224 588 1360 657 Andree,
1378 590 1412 647 et
1427 585 1509 647 alios

302 707 450 783 cognatos
473 718 590 769 eorum.
613 698 652 762 de
674 698 800 782 (treug,
822 695 860 760 ab
877 697 971 760 altera
987 715 1080 780 super
1103 694 1283 777 quibusdam
1306 694 1399 758 metis
1422 699 1509 756 terre

302 808 378 874 Vrbe
399 815 522 879 vocate,
548 806 667 892 questio
687 809 874 878 uerteretur,
890 805 1010 868 tandem
1027 814 1130 887 partes
1144 808 1271 887 propter
1287 803 1402 866 bonum
1418 802 1507 884 pacis

296 917 376 978 inter
392 935 427 978 sc
441 935 496 998 per
510 914 665 986 arbitrum,
685 933 739 977 seu
758 912 943 976 amicabilem
961 913 1215 994 composicionem
1237 910 1408 992 proborum
1422 909 1508 973 viro·

297 1042 372 1094 rum.
393 1042 486 1105 super
507 1021 583 1106 ipsis
606 1021 694 1084 metis
716 1019 753 1083 ad
774 1020 867 1083 talem
889 1018 1081 1084 concordiam
1105 1018 1311 1082 deuenerunt:
1339 1016 1426 1100 quod
1442 1017 1504 1098 ipsi

295 1130 403 1194 Petrus
421 1148 524 1192 comes
542 1127 680 1200 Samson,
696 1126 840 1192 Nicolaus
856 1133 887 1190 et
904 1127 1051 1198 Andreas,
1076 1146 1111 1189 ac
1127 1123 1179 1207 alij
1197 1124 1320 1205 cognati
1338 1143 1450 1186 eorum
1466 1123 1506 1186 de

297 1234 420 1318 Gyoug‚
443 1237 574 1318 repertis
597 1236 689 1298 certis
713 1234 800 1298 metis
823 1234 953 1318 antiquis
975 1233 1124 1316 prefatam
1153 1237 1267 1296 terram
1294 1229 1380 1295 Vrbo
1411 1250 1507 1313 super

296 1342 412 1406 eisdem
427 1344 515 1404 metis
532 1345 562 1404 et
578 1339 647 1423 alijs
660 1341 744 1422 Juxta
761 1341 884 1404 easdem
900 1342 1039 1425 antiquas
1055 1338 1208 1402 renouatis
1229 1338 1291 1420 ipsi
1316 1337 1454 1420 capitulo
1473 1338 1506 1400 in

295 1468 373 1532 pace
396 1449 575 1512 dimiserunt
598 1449 831 1530 possidendam,
860 1453 940 1512 mete
963 1453 1061 1526 autem
1087 1447 1183 1530 ipsius
1203 1451 1287 1509 terre
1311 1444 1373 1506 hoc
1391 1444 1504 1506 ordine

298 1556 538 1638 distinguuntur,
566 1556 662 1638 prima
687 1555 794 1637 incipit
815 1556 845 1618 in
870 1555 1034 1619 monticulo
1054 1555 1132 1617 inira
1151 1552 1302 1636 lapideam
1318 1553 1403 1615 uiam
1421 1553 1505 1615 iuxta

294 1661 419 1725 arbores
444 1662 564 1734 Harant,
588 1682 681 1745 super
705 1661 819 1728 duabus
844 1664 942 1735 metis,
963 1682 1023 1745 que
1039 1661 1161 1747 quidem
1186 1660 1329 1723 diuidere
1348 1659 1505 1743 incipiunt

292 1774 452 1832 terras-
470 1804 514 1816 -
530 1804 574 1816 —
596 1768 634 1832 ad
656 1774 766 1832 terram
788 1769 993 1852 predictorum
1016 1768 1159 1832 nobilium
1178 1768 1215 1831 de
1232 1765 1345 1852 Gyoug
1368 1770 1402 1830 et
1426 1765 1500 1829 inde

295 1874 393 1940 tendit
415 1880 585 1960 permotas
609 1883 727 1939 terreas
754 1875 966 1960 aliquantulum
999 1895 1107 1938 uersus
1130 1875 1300 1959 aquilonem
1325 1873 1444 1937 abhinc
1460 1908 1505 1920 -

294 2002 403 2046 uersus
417 1982 599 2054 ouidentem,
607 1988 637 2046 et
650 1985 732 2047 uenit
740 1982 777 2046 ad
791 1990 885 2045 metas
896 1982 984 2046 simul
997 1982 1113 2065 positas
1126 1981 1356 2065 quibus—sunt
1367 1980 1502 2064 lapides,

294 2081 414 2152 demum
431 2089 586 2152 asscendit
602 2109 706 2153 uersus
723 2089 851 2152 rioulum
867 2089 918 2172 qui
935 2089 1049 2152 dicitur
1064 2088 1231 2169 Tulpatalra
1249 2092 1281 2152 et
1296 2087 1352 2150 ubi
1368 2089 1459 2152 cadit
1471 2088 1502 2150 iu

296 2195 395 2278 ipsum
411 2195 538 2258 riuulum
561 2195 605 2259 ibi
627 2202 698 2259 sunt
719 2196 778 2260 due
799 2201 879 2259 mete
894 2200 997 2258 terreo
1020 2194 1181 2259 arboribus
1203 2195 1370 2278 applicate,
1392 2215 1432 2260 ac
1449 2215 1505 2278 per

298 2303 396 2384 ipsum
413 2302 559 2375 riuulum‚
577 2303 730 2366 asscendit
744 2322 841 2385 usque
857 2301 896 2364 ad
912 2338 957 2349 -
969 2337 1013 2348 -
1029 2308 1060 2365 et
1075 2302 1116 2365 ibi
1132 2305 1203 2366 sunt
1219 2301 1278 2366 due
1294 2308 1380 2366 mete
1396 2309 1502 2365 terree

293 2407 452 2474 arboribus
480 2410 677 2481 circumfusa,
705 2409 815 2473 abhinc
836 2428 891 2491 per
914 2409 1037 2489 longum
1061 2408 1199 2492 spacium
1223 2408 1325 2472 eundo
1349 2410 1442 2473 uenit
1464 2407 1500 2471 ad

293 2514 459 2600 planiciem
479 2515 530 2579 ubi
555 2519 625 2578 suut
647 2515 705 2578 due
721 2518 801 2578 mete
818 2521 919 2579 terree
936 2512 1097 2580 arboribus
1115 2515 1354 2598 circumposite,
1378 2517 1503 2581 demum

292 2621 322 2683 in
338 2621 435 2684 eundo
449 2620 531 2685 cadit
543 2621 573 2682 in
587 2621 713 2684 riuulum
728 2620 913 2704 Volhpotaka
926 2628 1075 2693 vocatum,
1088 2628 1119 2686 et
1130 2620 1183 2686 illo
1199 2623 1330 2686 transito
1343 2623 1506 2686 asscendit

291 2728 329 2790 ad
342 2763 387 2774 —
398 2727 508 2790 montis
524 2728 576 2809 qui
593 2727 702 2792 dicitur
715 2728 841 2813 Gyomal
854 2728 903 2791 vbi
920 2733 968 2792 est
978 2733 1082 2792 terrea
1094 2734 1174 2792 meta
1186 2730 1268 2792 iuxta
1281 2736 1377 2812 caput
1394 2732 1501 2802 fontis,

289 2833 399 2898 abinde
415 2835 446 2896 in
461 2831 540 2897 latus
557 2834 711 2899 cuiusdam
729 2835 838 2898 montis
854 2835 1064 2908 ascendendo,
1083 2837 1166 2899 uenit
1178 2837 1217 2900 ad
1233 2844 1347 2899 metam
1364 2842 1501 2901 terream

289 2938 402 3002 deinde
428 2938 466 3001 ad
489 2938 564 3001 duas
582 2945 675 3002 metas
697 2945 814 3004 terreas
837 2950 869 3004 et
891 2940 1004 3007 abhinc
1027 2943 1065 3006 ad
1082 2943 1170 3006 aliam
1186 2948 1299 3006 metam
1315 2947 1457 3007 terream
1472 2951 1501 3008 et

289 3045 400 3109 deinde
416 3064 472 3127 per
488 3047 617 3126 spissam
634 3053 664 3108 et
680 3064 868 3108 nemorosam
882 3047 998 3120 siluam,
1012 3050 1111 3113 eundo
1124 3071 1181 3133 per
1195 3069 1341 3131 magnum
1359 3053 1499 3134 spacium

288 3153 321 3214 in
344 3153 499 3215 cacumine
520 3151 658 3214 eiusdem
674 3152 829 3216 monticuli
851 3159 899 3216 cst
915 3159 994 3217 meta
1016 3159 1135 3226 terrea,
1161 3162 1193 3219 et
1216 3156 1331 3220 deinde
1355 3160 1501 3222 ascendit

287 3276 397 3322 uersus
413 3261 543 3320 montem
557 3258 626 3342 Plys
639 3263 670 3321 et
681 3260 811 3322 declinat
823 3260 853 3322 iu
865 3261 993 3324 riuulum
1004 3261 1137 3326 Vrbo—
1146 3261 1328 3338 —rivulum
1337 3266 1499 3328 asscendit

285 3367 317 3427 in
333 3367 463 3426 montem
479 3364 550 3447 Plys
566 3368 597 3424 ct
613 3365 643 3426 in
658 3366 757 3448 capite
772 3368 868 3449 ipsius
885 3367 966 3430 Vrho
983 3373 1053 3432 sunt
1070 3367 1129 3431 due
1146 3373 1245 3443 mete,
1271 3373 1304 3432 et
1327 3369 1361 3432 in
1378 3374 1497 3436 uertice

286 3469 395 3532 montis
412 3467 483 3552 Plys
500 3469 638 3533 similiter
662 3471 721 3534 due
744 3476 825 3534 mete
848 3478 880 3536 et
900 3474 1011 3538 abhinc
1028 3475 1146 3539 directe
1162 3476 1320 3559 protendit
1339 3478 1496 3562 usquead

285 3576 382 3659 alpes.
406 3574 437 3636 ln
454 3578 540 3639 cuius
555 3577 603 3640 rei
622 3577 823 3641 testimonium
846 3585 1008 3660 presentes
1030 3581 1136 3644 literas
1161 3589 1284 3646 nostras
1311 3585 1351 3647 ad
1376 3588 1496 3650 instan-

285 3683 362 3746 ciam
384 3682 575 3763 presencium
596 3682 748 3756 dedimus,
773 3684 866 3766 sigilli
888 3688 983 3750 nostri
1001 3688 1164 3752 munimine
1183 3689 1359 3755 roboratas.
1386 3695 1495 3758 Datum

285 3806 362 3852 anno
379 3787 491 3850 domini
509 3787 620 3852 M⁰CC⁰
636 3792 841 3872 octuagesimo
858 3794 1004 3856 secundo.

795 4025 959 4097 CXXXIV.

700 4176 788 4239 1283,
810 4179 855 4231 23.
874 4179 945 4234 Just.
967 4181 1060 4237 Oteu.

371 4317 533 4382 hadislaus
557 4317 614 4380 Dei
640 4319 737 4398 gratia
755 4341 809 4384 rex
833 4322 989 4406 Hungarie
1012 4332 1074 4392 etc.
1099 4327 1243 4420 fidelibus
1263 4335 1332 4397 suis
1358 4335 1490 4420 capitulo

281 4426 414 4491 ecclesie
436 4422 649 4496 Transilraue,
674 4425 800 4488 salutem
829 4434 861 4491 et
875 4437 1016 4512 gratiam.
1040 4435 1124 4501 Dicit
1145 4437 1234 4502 nobis
1249 4440 1423 4522 religiosus
1445 4444 1489 4507 uir
1560 4452 1561 4527 t
