3150 5092
1255 335 1305 406 29

98 506 208 570 nostri
227 507 416 575 ltecdonici
439 509 651 575 Ultrcso'loom‘
671 511 815 582 uniuersi,
839 511 868 572 a'
899 508 993 593 pedes
1019 508 1185 572 maiestatis
1204 513 1308 573 nostre

97 613 257 678 humiliter
281 617 368 682 nobis
391 622 625 703 conquerentes,
658 639 711 682 sua
733 618 894 702 questione
917 617 1096 702 suppliciter
1112 617 1199 681 nobis
1215 637 1304 680 mon·

98 726 285 797 straverunt,
302 725 382 809 quod
398 727 518 808 penitus
535 747 617 791 asua
635 726 788 797 libertate,
805 746 862 810 qua
880 727 979 789 uocati
996 726 1116 789 fuerant
1131 745 1148 787 a
1166 726 1304 808 piissimo

98 851 177 912 rege
199 830 301 917 Geysa
325 854 381 897 auo
406 843 508 898 nostro
534 835 729 906 excidissent,
760 836 819 898 nisi
843 854 935 918 super
958 852 1013 896 eos
1030 834 1174 897 maiestas
1201 834 1300 915 regia,

99 939 211 1003 oculos
220 939 309 1005 solite
325 943 447 1024 pietatis
464 949 567 1007 nostre
577 945 722 1026 aperiret,
730 943 809 1008 vnde
821 963 877 1026 pre
889 942 979 1005 nimia
993 943 1179 1025 paupertatis
1191 942 1302 1026 inopia,

98 1046 213 1110 nullum
230 1048 381 1112 maiestati
400 1051 487 1133 regie
504 1051 666 1116 seruicium
683 1055 824 1134 poterant
838 1050 996 1133 impertiri.
1022 1049 1084 1112 Nos
1101 1050 1194 1132 igitur
1213 1050 1301 1112 iustis
1344 1080 1349 1088 =

98 1175 208 1219 eorum
236 1157 431 1241 querimonijs
448 1180 537 1222 aures
560 1160 651 1223 solite
677 1159 799 1243 pietatis
822 1159 1012 1229 inclinantes,
1034 1155 1073 1220 ad
1095 1157 1300 1240 presenciam,

96 1268 315 1350 pastorumque
342 1267 483 1331 noticiam
512 1266 648 1331 uolumus
681 1267 835 1332 deuenire.
874 1265 960 1348 Quod
987 1285 1044 1329 uos
1075 1269 1300 1328 autecessorum

97 1376 272 1437 nostrornm
288 1375 348 1458 pijs
364 1376 503 1458 vestigijs
519 1375 705 1446 inherentes,
718 1375 842 1458 pietatis
854 1375 928 1438 moti
943 1372 1125 1446 visceribus,
1141 1373 1301 1457 pristinam

98 1480 146 1544 eis
162 1481 352 1546 reddidimus
370 1482 550 1547 libertatem.
567 1483 610 1546 lta
626 1481 825 1567 tarnen,quod
838 1483 997 1545 uniuersus
1008 1479 1137 1564 populus
1153 1480 1300 1563 incipiens

98 1587 273 1674 avaram)
302 1610 398 1675 usque
424 1593 455 1654 in
481 1594 607 1669 Borclt,
633 1610 700 1654 cum
728 1597 811 1654 terra
833 1589 1022 1674 Spcelorum
1048 1591 1129 1650 terre
1145 1587 1246 1652 Sedes
1266 1590 1298 1650 et

96 1699 183 1758 terre
196 1697 327 1762 Doroos
343 1716 417 1761 uuus
435 1698 475 1761 sit
491 1698 620 1781 populus
638 1703 669 1762 et
684 1697 740 1762 sub
753 1716 813 1760 uno
827 1695 932 1778 judice
948 1698 1140 1765 censeantur,
1160 1694 1299 1758 omnibus

97 1803 291 1868 comitatibus
314 1810 418 1888 preter
442 1805 680 1891 Chybiniensem
707 1803 898 1870 cessantibus
921 1801 1075 1865 radicitus.
1100 1800 1209 1864 Comes
1226 1820 1298 1866 uero

97 1913 280 1997 quicumque
305 1913 397 1978 fuerit
428 1914 640 1999 Chybiniensis
666 1915 777 1978 nullum
811 1915 965 1996 presumat
997 1914 1133 1974 statuere
1167 1912 1197 1972 iu
1223 1930 1300 1994 pre-

98 2019 191 2083 dictis
218 2021 426 2095 eomitatibus,
454 2025 513 2087 nisi
534 2024 575 2087 sit
603 2023 682 2087 inira
711 2017 804 2107 east)
827 2019 985 2101 residens,
1012 2021 1045 2081 et
1070 2018 1168 2102 ipsum
1195 2019 1300 2101 populi

96 2135 231 2220 eligant,
255 2139 305 2222 qui
321 2139 428 2203 melius
445 2138 597 2204 uidebitur
613 2138 766 2223 expedire,
797 2157 854 2200 nec
869 2137 960 2200 etiam
975 2136 1005 2198 iu
1023 2133 1167 2198 comitatu
1184 2132 1298 2217 cuysi-

94 2244 194 2308 niensi
220 2244 328 2330 aliquis
357 2248 466 2312 audeat
493 2267 669 2332 comparare
702 2247 840 2330 pecunia.
871 2243 915 2307 lid
942 2242 1058 2306 lucrum
1087 2261 1161 2306 uero
1189 2246 1292 2306 nostre

96 2372 235 2426 camere,
259 2356 437 2437 quingentas
454 2375 572 2419 marcas
588 2354 706 2438 argenti
729 2353 802 2416 dare
824 2356 984 2415 teneantur
999 2349 1159 2421 annuatim,
1184 2350 1295 2414 nullum

93 2459 264 2542 predialem
291 2463 340 2525 uel
368 2462 533 2546 quemlihet
557 2461 647 2526 alium
681 2453 817 2526 volumus
844 2460 921 2522 infra
953 2457 1099 2521 terminos
1127 2457 1292 2520 eorundem

93 2569 237 2652 positum,
255 2568 292 2631 ab
308 2570 366 2634 hac
383 2571 502 2635 excludi
514 2571 701 2643 reddicionc,
725 2571 783 2632 nisi
799 2569 849 2653 qui
866 2587 959 2650 super
977 2566 1036 2630 lroc
1051 2565 1183 2647 gaudeat
1198 2568 1294 2649 priui-

92 2675 177 2757 legio
201 2677 337 2760 speciali.
364 2678 426 2743 Hoc
454 2680 549 2743 eciam
576 2679 691 2742 eisdem
720 2677 924 2747 concedimus,
954 2675 1033 2759 quod
1054 2674 1183 2757 pecunia
1206 2693 1292 2756 quam

94 2784 182 2849 nobis
206 2786 326 2849 soluere
349 2786 532 2851 tenebuntur
558 2807 613 2851 seu
639 2788 852 2858 dinoscuntur,
877 2805 944 2849 cum
969 2782 1050 2846 nullo
1072 2783 1130 2846 alio
1159 2782 1295 2865 pondere

95 2893 156 2956 nisi
173 2912 241 2956 eum
264 2914 364 2958 marea
385 2900 540 2976 argentea,
565 2915 653 2979 quam
680 2895 817 2978 pijssime
832 2892 1059 2956 recordacionis
1075 2896 1162 2974 pater
1178 2896 1293 2964 noster,

92 3001 167 3066 Bela
195 3002 310 3066 eisdem
331 3004 497 3076 constituit
520 3004 668 3068 uidelicet
691 3003 825 3088 quintum
842 3001 995 3065 dimidium
1011 3000 1162 3062 fertonem
1178 2996 1293 3083 Chyhi-

94 3111 214 3174 niensis
242 3110 387 3193 ponderis
415 3132 482 3176 oum
511 3111 684 3176 Coloniensi
713 3111 849 3186 denario,
874 3129 913 3172 ne
935 3108 1113 3190 discrepent
1134 3106 1166 3169 in
1182 3109 1294 3186 statera

93 3217 219 3282 soluere
244 3223 412 3282 teneantur.
442 3219 587 3301 Nunceijs
615 3240 704 3292 uero,
733 3237 810 3301 quos
832 3217 917 3298 regia
944 3214 1086 3278 maiestas
1115 3213 1153 3276 ad
1183 3213 1292 3276 dictam

93 3327 252 3410 pecuniam
269 3325 470 3408 colligendam
488 3329 633 3397 statuerit,
651 3325 778 3409 singulis
791 3325 909 3396 diebus,
925 3322 1032 3407 quihus
1047 3320 1160 3385 ibidem
1178 3340 1290 3383 moram

93 3433 242 3505 fecerint,
274 3438 339 3498 tres
370 3434 500 3499 lottones
532 3454 587 3518 pro
620 3455 723 3498 eorum
746 3434 886 3516 expensis
911 3431 1033 3495 soluere
1055 3449 1115 3492 uon
1136 3434 1288 3493 recusent.

93 3540 206 3605 Milites
235 3559 309 3605 uero
332 3543 489 3625 quingenti
517 3543 594 3606 iufra
610 3562 736 3624 regnum
756 3541 794 3604 ad
810 3542 896 3623 regis
919 3538 1149 3623 expedicionem
1169 3537 1289 3601 seruire

93 3649 288 3733 deputentur.
318 3649 409 3714 Extra
439 3671 512 3714 uero
534 3671 663 3733 regnum
687 3655 826 3722 centum,
850 3650 877 3712 si
898 3668 952 3711 rex
967 3648 996 3710 in
1014 3647 1136 3730 propria
1157 3666 1289 3729 persona

93 3759 194 3831 iuerit,
219 3758 247 3822 si
263 3777 336 3822 uero
358 3767 442 3823 extra
459 3779 584 3841 regnum
605 3759 802 3843 johagionem
823 3757 950 3829 miserit,
973 3758 1039 3821 siue
1061 3755 1093 3818 in
1108 3754 1287 3818 adiutorium

94 3866 182 3931 amici
200 3866 256 3938 sui,
274 3866 340 3928 siue
356 3866 387 3928 iu
408 3866 539 3950 proprijs
557 3868 694 3951 negocijs
714 3866 929 3952 quinquaginta
951 3861 1155 3927 tautummodo
1177 3861 1289 3926 milites

93 3977 215 4040 mittere
231 3979 391 4039 teneantur
405 3995 463 4040 nec
480 3977 547 4058 regi
563 3975 641 4040 ultra
665 3976 816 4060 prelatum
838 3992 993 4038 numerum
1016 3970 1170 4055 postulare
1186 3969 1289 4043 liceat,

91 4201 418 4211 ——-—-—-—-

112 4367 138 4428 ¹)
155 4369 248 4418 Kinnte
265 4367 384 4413 vielleieht
401 4368 459 4413 euch
469 4369 550 4413 Wsras
564 4369 624 4414 sein.
641 4370 666 4414 ln
683 4369 725 4414 des·
741 4367 1014 4428 Restitigungsurkunde
1029 4363 1148 4422 Ludwig's
1165 4376 1210 4411 von
1229 4363 1291 4408 leco

156 4449 306 4495 entsohieden
322 4449 413 4492 Waras.

114 4528 139 4591 ²)
157 4530 223 4575 Auoh
240 4530 263 4575 in
281 4531 322 4576 der
339 4529 494 4590 Restitigung
511 4529 628 4591 Ludwig's
646 4547 667 4578 v.
687 4530 748 4577 lado
766 4543 825 4575 ess.
