3150 5092
1209 378 1283 449 137

97 562 243 646 dupplicis
277 562 372 644 sigilli
408 561 503 625 nostri
537 559 697 623 munimine
727 555 933 621 concessimus
967 554 1147 619 roboratam.
1179 552 1288 632 Datum

96 690 168 734 anno
193 671 231 734 ab
249 671 456 734 incarnatione
480 668 591 733 domini
614 665 827 731 uocumixv
843 663 931 746 regni
957 662 1053 727 nostri
1069 681 1145 724 anno
1166 661 1241 724 Xlll.

639 853 734 923 CXL.

649 987 729 1042 uass.

181 1101 246 1165 Nos
270 1100 448 1172 Ladislaus,
471 1100 521 1165 dei
545 1101 649 1180 gradu
673 1119 726 1161 rex
742 1097 896 1178 Hongarie
912 1095 1055 1157 memorie
1072 1091 1287 1157 commendan-

87 1216 135 1274 tes
162 1209 370 1292 significamus
391 1206 555 1283 universis,
578 1207 658 1290 quod
681 1226 748 1269 curn
769 1226 826 1268 nos
848 1203 949 1266 Albam
968 1200 1229 1273 Transsiluanam,
1250 1200 1288 1263 ad

91 1318 254 1381 ecclesiam
282 1315 436 1379 benedicti
462 1314 627 1400 blycbaelis
650 1311 842 1393 archangeli.
860 1331 950 1375 causa
975 1309 1152 1374 deuocionis
1180 1327 1287 1370 acces-

94 1425 253 1496 sissemus,
272 1423 434 1506 capitulum
457 1423 517 1486 loci
535 1422 670 1486 eiusdem
692 1418 892 1484 exhibuerunt
916 1417 1003 1480 nobis
1024 1419 1162 1499 patentes
1184 1414 1289 1477 literas

91 1530 232 1605 Nicolai,
251 1531 401 1616 quondam
416 1528 624 1615 viceroyuode
641 1527 850 1598 Transiluani‚
868 1546 960 1609 super
976 1529 1057 1588 terra
1074 1523 1157 1586 Vrbo
1173 1527 1291 1592 uocata,

92 1639 268 1710 confectas,
285 1643 424 1721 petentes
441 1659 507 1702 cum
524 1637 687 1712 instancia,
704 1641 736 1700 ut
756 1635 877 1698 easdem
894 1638 975 1697 ratas
992 1633 1117 1707 babere,
1130 1636 1162 1694 ct
1177 1631 1290 1694 nostris

92 1747 290 1828 dignaremus
306 1745 478 1828 patentibus
500 1744 596 1809 literis
614 1744 802 1814 confirmare,
822 1762 944 1824 quarum
961 1747 1048 1805 tenor
1062 1740 1132 1804 talis
1148 1745 1204 1802 est.
1225 1737 1289 1800 Nos

89 1853 237 1918 Nicotaus
254 1858 312 1916 etc.
327 1852 430 1938 (siebe
447 1853 519 1916 Urlr.
537 1874 565 1917 v.
583 1851 611 1916 d.
631 1851 729 1923 1282,
748 1851 781 1913 Z.
800 1849 974 1934 cxxxiii).

186 1963 250 2026 Nos
278 1963 382 2043 itaque
408 1961 496 2024 iustis
513 1966 545 2024 et
559 1961 702 2040 legitimis
719 1947 922 2042 peticionibus
938 1957 1012 2020 dicti
1029 1955 1153 2040 capituli
1168 1956 1288 2018 fauora-

90 2070 196 2133 biliter
213 2069 360 2139 inclinati,
377 2069 530 2152 predictas
547 2073 684 2151 patentes
701 2069 805 2131 literas
823 2068 918 2149 ipsius
934 2064 1063 2149 Nycolai
1079 2062 1288 2147 riceuoyuode

11 2165 12 2168 ¹
91 2182 174 2241 ratas
192 2176 341 2240 habentes
359 2180 390 2240 et
405 2182 559 2260 acceptas,
576 2182 714 2240 tenorem
731 2174 905 2246 earundem,
923 2173 961 2235 de
978 2173 1073 2237 uerbo
1092 2171 1130 2236 ad
1153 2170 1290 2243 uerbum,

90 2283 286 2369 presentibus
307 2286 402 2348 inseri
425 2285 563 2350 faciendo
587 2285 766 2350 auctoritate
789 2284 982 2366 presencium
1005 2281 1232 2349 confirmamus.
1259 2286 1290 2342 et

92 2413 161 2455 cum
181 2397 343 2475 presentes
360 2390 446 2455 nobis
463 2396 617 2475 reportate
634 2392 754 2462 luerint,
774 2394 908 2453 nostrum
925 2388 1024 2452 eidem
1047 2386 1177 2470 capitulo
1199 2406 1292 2470 super

91 2499 152 2562 hoc
169 2498 363 2583 priuilegium
380 2501 595 2564 conferremus.
613 2499 721 2562 Datum
736 2499 768 2562 in
777 2498 853 2562 moa
866 2498 1074 2570 Transiloana,
1087 2496 1118 2559 in
1131 2493 1290 2581 quindenis

92 2610 301 2691 pentecostes.
319 2607 402 2668 Anno
419 2606 532 2671 domini
549 2604 661 2669 M⁰CC⁰
678 2607 886 2688 octuagesimo
903 2607 1016 2690 quinto.

640 2789 750 2858 exul.

655 2924 736 2980 uass.

80 3098 83 3103 ,
187 3033 251 3097 Nos
268 3035 413 3112 magister
428 3035 584 3098 Emericus
602 3034 805 3118 significamus
823 3034 983 3106 universis,
1001 3033 1109 3117 quibus
1133 3038 1292 3115 presentes

95 3140 307 3210 ostendentur,
335 3140 412 3223 quod
439 3140 541 3203 villam
567 3147 699 3204 nostram
730 3138 908 3227 Coppcm1)
933 3145 1069 3204 vocatam
1097 3141 1184 3202 sitam
1207 3137 1292 3218 juxta

94 3247 274 3319 Marosium,
304 3267 361 3310 una
390 3267 457 3310 oum
485 3248 553 3311 loco
582 3248 831 3319 molendinorum,
854 3253 886 3310 et
901 3247 1044 3329 pyscina,
1062 3252 1093 3308 et
1109 3246 1177 3327 alijs
1194 3245 1292 3328 perti-

95 3355 214 3420 nenciis
230 3360 262 3418 et
277 3355 453 3420 utilitatibus
471 3358 550 3427 suis,
574 3376 631 3420 nec
653 3376 712 3418 non
728 3362 839 3419 terram
859 3353 1130 3438 Jocnkutbcllccft)
1148 3358 1292 3423 vocatam,

91 3464 249 3546 jacentem
275 3464 359 3544 juxta
382 3463 511 3526 eundem
529 3464 677 3535 similiter,
700 3484 767 3528 cum
783 3463 922 3527 omnibus
939 3462 1115 3526 utilitatibus
1132 3461 1195 3524 suis
1207 3461 1292 3541 juxta

94 3577 191 3634 metas
204 3576 326 3634 veteres
344 3575 374 3633 et
390 3571 539 3654 antiquas,
550 3572 658 3655 quibus
672 3592 726 3635 nos
738 3571 928 3654 possedimus
941 3570 1062 3632 easdem
1087 3588 1140 3651 pro
1158 3566 1292 3631 remedio

96 3679 194 3740 anime
211 3682 330 3750 nostre,
349 3683 380 3740 et
402 3677 535 3748 illorum,
559 3697 683 3761 quorum
706 3681 876 3760 recepimus
893 3677 1050 3760 pecuniam
1072 3674 1180 3759 quibus
1201 3676 1293 3739 satis·

94 3785 202 3848 facero
219 3784 258 3846 de
274 3784 458 3848 ablaccionev
472 3784 522 3870 (.)
547 3804 649 3848 rerum
665 3805 785 3850 suarum
803 3787 989 3869 nequivimus
1008 3786 1196 3869 supradictas
1219 3805 1293 3868 pos·

96 3890 254 3953 sessiones
282 3890 434 3962 dedimus,
463 3890 644 3963 locavimus,
679 3899 768 3976 atque
795 3892 973 3956 tradidimus
1010 3892 1142 3975 capitulo
1170 3891 1292 3954 Albensi

95 3997 249 4062 Transilv.
266 4003 430 4080 perpetuo,
455 4004 486 4062 et
509 3998 746 4064 irrevocabiliter
758 3997 970 4085 possidendas,
987 4019 1061 4083 quas
1079 4001 1292 4081 possessiones

95 4104 235 4169 dominus
251 4124 305 4168 rex
318 4102 393 4168 Bela
408 4106 509 4168 felicis
526 4107 747 4169 recordationis
764 4108 889 4171 contulit
903 4126 959 4190 pro
969 4112 1077 4170 nostro
1094 4106 1176 4168 fideli
1193 4107 1291 4168 lamu-

92 4211 172 4284 latu,
196 4232 255 4296 que
279 4211 399 4275 fuerunt
419 4211 534 4294 hominj
559 4213 624 4276 sine
647 4210 776 4287 herede,
807 4215 845 4277 ad
871 4234 995 4298 quarum
1026 4213 1290 4297 perpetuacionem

87 4389 416 4400 ,-------

126 4477 151 4538 ¹)
169 4478 247 4522 blaros
263 4473 371 4533 Kopion,
387 4479 417 4521 im
435 4478 593 4526 untsralbcna.
612 4481 699 4526 comit.

127 4558 152 4617 Β)
170 4561 233 4604 Jctat
249 4557 304 4603 keiu
321 4559 364 4603 Ort
380 4559 455 4603 dieses
471 4559 578 4604 Namens.
