3150 5092
1218 365 1294 438 135

89 535 283 601 mittendum.
318 534 400 599 Idem
428 554 530 599 comes
556 535 693 619 Rosoyn,
726 535 813 601 nobis
840 535 1043 610 intuentibus,
1076 542 1203 602 mortem
1236 560 1295 603 non

88 644 272 716 formidans,
295 663 330 705 se
354 643 474 707 fortune
494 642 615 706 casibus
631 641 844 731 submittendo,
867 664 923 729 pro
937 645 1073 707 tuicione
1090 647 1183 708 nostri
1201 647 1290 728 regni

88 755 119 814 et
136 771 271 823 corone,
295 755 422 833 quatuor
444 749 570 814 vulnera
592 749 695 814 letalia
716 752 901 833 suportauit3
928 751 959 813 in
981 751 1098 815 eisdem
1120 751 1295 816 vulneribus

87 859 174 941 ipsos
193 857 364 930 Cumanos,
391 857 498 920 hostes
519 858 609 939 regni
636 858 749 930 nostri,
779 858 816 922 ad
844 863 948 941 partes
970 865 1102 923 remotas
1128 859 1291 941 elugando,

87 963 229 1028 fideliter
250 963 397 1048 impendit
420 969 450 1026 et
466 962 586 1035 devote,
606 970 637 1026 et
653 965 816 1047 presertim
832 983 887 1047 pro
904 969 1001 1028 morte
1015 963 1171 1048 Ladialay,
1188 966 1293 1029 fratris

23 1039 29 1158 ΙΙ·
87 1071 230 1136 eiusdem
258 1072 310 1157 qui
337 1074 368 1136 in
398 1071 626 1154 expuguaeione
656 1072 748 1136 castri
769 1073 898 1144 Adrion,
921 1073 1001 1157 quod
1023 1072 1185 1143 Nicolaus,
1208 1072 1289 1138 filius

28 1249 32 1256 ,
87 1178 200 1253 Pauli,
218 1185 251 1243 et
272 1178 382 1242 iratres
405 1177 556 1248 eiusdem,
575 1182 678 1240 contra
696 1197 750 1241 nos
767 1177 956 1251 detinebant,
973 1179 1158 1243 destruendo
1174 1178 1289 1244 incolas

85 1285 183 1369 regni
206 1286 304 1350 nostri
331 1283 369 1350 de
392 1283 516 1359 eodem;
546 1285 631 1350 cuius
653 1286 747 1349 castri
770 1287 1021 1368 expugnationem
1044 1286 1168 1351 Nicolao
1184 1285 1294 1359 electo,

87 1395 176 1459 fideli
194 1397 311 1465 nostro,
329 1392 591 1465 commiseramus3
609 1392 727 1456 demum
745 1411 801 1476 pro
818 1400 916 1456 morte
931 1393 1058 1476 Nicolay
1073 1394 1214 1458 similiter
1229 1395 1293 1458 fra-

87 1502 145 1564 tris
177 1499 331 1571 eiusdem,
356 1499 406 1583 qui
427 1499 457 1561 in
485 1497 579 1570 bello,
599 1500 679 1581 quod
695 1500 775 1562 idem
793 1498 936 1566 Nicolaus
953 1500 1070 1566 electus
1093 1501 1131 1564 de
1147 1507 1293 1586 precepto

87 1614 216 1680 nostro,
242 1613 345 1671 coutra
378 1606 480 1689 Gyan,
511 1604 606 1668 filium
627 1606 746 1684 Alardi,
771 1606 803 1668 iu
826 1606 963 1688 partibus
979 1609 1215 1673 'l'ransiluauicis
1237 1629 1293 1693 pro

88 1715 325 1779 conseruatioue
351 1713 428 1776 iecit
455 1711 620 1776 incolarum
636 1714 732 1797 partis
757 1714 854 1786 illius,
881 1715 1045 1778 extiterunt
1068 1716 1231 1780 interiecti.
1256 1716 1290 1779 ln

86 1821 408 1905 recompensationem
425 1821 518 1902 igitur
532 1823 578 1883 tot
594 1823 787 1884 attentorum
803 1822 1000 1886 seruieiorum
1017 1824 1152 1888 eiusdem
1171 1824 1291 1887 comitis

86 1929 224 2012 Rafoyn,
242 1927 317 1990 licet
332 1926 425 1992 multo
444 1927 588 2010 ampliora
604 1935 791 1999 mereretur,
813 1927 960 2012 quandam
977 1930 1076 1994 villam
1090 1931 1185 1996 Mocb
1200 1951 1292 1995 roca·

15 2073 16 2076 =
87 2043 167 2109 tam,
184 2055 274 2122 quam
291 2036 387 2117 primo
403 2035 510 2120 dlpra,
535 2041 673 2118 tempore
689 2035 803 2100 domiui
824 2037 985 2121 Stephani,
1003 2039 1098 2119 patris
1122 2040 1216 2103 nostri
1233 2038 1289 2102 le·

86 2145 216 2217 rissimi,
229 2150 261 2207 et
276 2147 346 2227 post
361 2140 481 2205 modum
497 2143 576 2206 idern
589 2148 621 2205 et
632 2141 686 2206 filii
699 2142 834 2207 eiusdem
846 2142 1034 2226 temporibus
1049 2146 1178 2229 predicti
1196 2149 1290 2229 patris

87 2254 189 2317 nostri
217 2257 249 2314 et
273 2248 401 2320 nostris,
430 2249 509 2314 iusto
535 2247 622 2312 titulo
652 2249 830 2314 donacionis
857 2253 1075 2332 possederunt,
1106 2254 1192 2318 simul
1221 2273 1289 2315 oum

86 2370 172 2427 terra
190 2361 284 2424 castri
300 2357 338 2422 ad
354 2356 491 2420 eamdem
507 2357 604 2421 villam
620 2357 858 2438 pertinentibus,
876 2379 944 2422 cum
961 2358 1097 2422 omuibus
1114 2358 1288 2422 utilitatibus

87 2474 121 2531 et
136 2463 337 2551 pertinencijs
356 2464 418 2527 suis
435 2465 594 2535 uniuersis,
611 2463 809 2528 auferendos
826 2465 896 2529 filiis
913 2466 1059 2538 eiusdem,
1077 2472 1202 2549 propter
1219 2466 1290 2528 inii·

11 2565 12 2568 '
89 2575 265 2644 delitatem,
282 2590 370 2654 quam
388 2577 491 2635 contra
510 2589 565 2633 nos
588 2578 619 2635 et
640 2590 765 2652 reguum
788 2578 921 2637 nostrum
944 2575 1134 2637 committere
1150 2573 1288 2637 intende-

87 2681 183 2752 bant,
201 2679 300 2742 eidem
321 2679 422 2742 comiti
438 2680 570 2759 Roioyn,
593 2683 624 2742 et
646 2701 701 2763 per
717 2699 783 2742 eum
801 2681 865 2743 suis
882 2679 1061 2752 heredibus,
1084 2679 1288 2762 heredumque

87 2808 214 2854 suorum
238 2786 468 2852 successoribus
491 2786 644 2856 dedimus,
669 2786 846 2852 donabimus
866 2791 898 2848 et
925 2788 1102 2850 contulimus
1123 2788 1190 2850 iure
1214 2807 1286 2869 per-

85 2901 180 2980 petuo
203 2901 235 2957 et
249 2892 493 2958 irreuoeabiliter
510 2892 733 2975 possidendam.
759 2894 792 2956 ln
809 2895 896 2956 cuius
912 2895 958 2956 rei
975 2896 1164 2965 memoriam,
1190 2894 1287 2957 firmi·

84 3009 242 3086 tatemque
264 3006 444 3084 perpetuam
466 3005 625 3082 presentes
647 3001 855 3064 concessimus
878 3001 1010 3074 litteras,
1040 3001 1170 3085 duplicis
1194 3000 1287 3082 sigilli

85 3111 184 3175 nostri
197 3110 358 3172 munimine
370 3107 538 3170 roboratas.
551 3107 659 3170 Datum
672 3127 727 3190 per
740 3127 844 3171 manus
858 3109 1042 3172 venerabilis
1056 3109 1283 3191 patrisThome,

84 3217 282 3280 miseratione
299 3214 399 3278 diuina
416 3215 553 3297 episcopi
562 3213 765 3286 Wacbiensis,
773 3216 841 3279 aule
856 3222 960 3278 nostre
977 3215 1161 3287 cancellarii,
1180 3214 1285 3278 dilecti

86 3330 118 3388 et
135 3325 236 3389 fidelis
253 3322 360 3387 nostri.
384 3322 470 3383 Anno
488 3321 597 3384 domini
613 3320 798 3384 MCGLXXX
814 3327 921 3404 quarto
927 3344 937 3395 ;
961 3321 1048 3403 regni
1070 3327 1169 3386 autem
1190 3324 1285 3386 nostri

84 3451 164 3496 anno
183 3431 230 3494 lli.
249 3428 345 3514 (llll).
369 3429 403 3492 in
419 3427 555 3492 kalendis
573 3427 734 3493 lanuariis.
758 3429 925 3492 indictione
942 3429 1130 3494 duodecima.
1148 3429 1284 3492 Venera-

84 3539 201 3603 bilibus
218 3537 371 3622 patribus:
389 3535 569 3598 hodomerio
587 3536 803 3618 strigoniensi,
815 3536 951 3599 dobanne
969 3535 1136 3607 colocensi,
1149 3535 1284 3598 dobanne

83 3646 257 3730 Spalatensi
287 3643 543 3728 archiepiscopis;
577 3641 723 3728 Dyonisio
751 3643 922 3714 lauriensi,
949 3643 1137 3726 Thymotbeo
1166 3643 1282 3724 Zagru-

82 3753 204 3824 biensi,
221 3753 341 3816 Andrean
358 3750 517 3834 dgriensi,
535 3750 623 3813 Petro
640 3750 890 3834 Wesprimieusi,
907 3749 988 3813 Poka
1005 3750 1187 3833 syrmiensi,
1205 3751 1283 3814 Gre-

82 3863 172 3944 gorio
190 3859 403 3928 Cbanadiensi,
421 3857 629 3921 Bartholomeo
647 3857 836 3930 Varadieusi,
853 3864 885 3921 et
900 3858 990 3921 Petro
1003 3858 1200 3921 Transiluano
1217 3858 1283 3942 epi·

82 3971 200 4053 scopis,
217 3967 365 4031 ecclesias
377 3965 432 4027 Dei
445 3964 575 4028 feliciter
587 3963 836 4046 gubernantibus.
850 3964 973 4029 Nicolao
989 3966 1118 4049 palatino
1130 3970 1162 4027 et
1172 3965 1283 4029 comite

80 4077 271 4147 Posonieusi,
283 4075 399 4138 doanne
415 4072 494 4136 bano
507 4072 599 4136 totius
614 4073 785 4143 Sciauonie,
795 4073 962 4137 Laurencio
982 4073 1128 4152 magistro
1144 4072 1282 4134 tanarui-

82 4205 189 4250 oorum
204 4188 390 4254 nostrorum3
402 4181 542 4245 horundo
553 4181 705 4264 waywoda
718 4180 929 4252 Transiluano,
942 4184 973 4242 et
985 4180 1094 4244 comite
1106 4179 1145 4241 de
1157 4177 1279 4248 Zonulm

80 4293 171 4355 Petro
190 4290 333 4371 magistro
355 4288 558 4371 dapiferorum
584 4292 769 4360 nostrorum,
802 4284 919 4352 Jacobo
942 4287 1086 4366 magistro
1114 4303 1280 4365 agasonum

82 4404 254 4464 nostrorum
280 4400 311 4460 et
341 4397 451 4460 comite
478 4396 517 4458 de
546 4395 679 4466 Borsod,
702 4399 733 4458 et
756 4394 822 4459 aliis
844 4414 932 4478 quam
955 4392 1093 4476 pluribus
1118 4394 1279 4455 comitatus

80 4507 169 4590 regui
193 4504 290 4571 nostri
305 4503 477 4568 tenentibus
495 4510 527 4567 et
542 4501 686 4567 honores.
