<?xml version="1.0" encoding="UTF-8"?>
<!DOCTYPE html PUBLIC "-//W3C//DTD XHTML 1.0 Transitional//EN"
    "http://www.w3.org/TR/xhtml1/DTD/xhtml1-transitional.dtd">
<html xmlns="http://www.w3.org/1999/xhtml" xml:lang="en" lang="en">
 <head>
  <title>
</title>
<meta http-equiv="Content-Type" content="text/html;charset=utf-8" />
  <meta name='ocr-system' content='tesseract 3.04.00' />
  <meta name='ocr-capabilities' content='ocr_page ocr_carea ocr_par ocr_line ocrx_word'/>
</head>
<body>
  <div class='ocr_page' id='page_1' title='image "./fontesrerumaust26kommgoog_0201.png"; bbox 0 0 3150 5092; ppageno 0'>
   <div class='ocr_carea' id='block_1_1' title="bbox 444 527 930 732">
    <p class='ocr_par' dir='ltr' id='par_1_1' title="bbox 444 527 930 732">
     <span class='ocr_line' id='line_1_1' title="bbox 638 527 717 598; baseline 0.025 -2"><span class='ocrx_word' id='word_1_1' title='bbox 638 527 717 598; x_wconf 82' lang='lat' dir='ltr'><strong>OlX.</strong></span> 
     </span>
     <span class='ocr_line' id='line_1_2' title="bbox 444 664 930 732; baseline -0.006 -14"><span class='ocrx_word' id='word_1_2' title='bbox 444 664 523 725; x_wconf 79' lang='lat'>1276,</span> <span class='ocrx_word' id='word_1_3' title='bbox 543 665 569 718; x_wconf 82' lang='lat'><strong>8.</strong></span> <span class='ocrx_word' id='word_1_4' title='bbox 589 664 650 718; x_wconf 85' lang='lat' dir='ltr'><strong>ldni.</strong></span> <span class='ocrx_word' id='word_1_5' title='bbox 669 664 930 732; x_wconf 77' lang='lat' dir='ltr'><strong>weissenburg.</strong></span> 
     </span>
    </p>
   </div>
   <div class='ocr_carea' id='block_1_2' title="bbox 17 759 1284 2585">
    <p class='ocr_par' dir='ltr' id='par_1_2' title="bbox 17 759 1284 2585">
     <span class='ocr_line' id='line_1_3' title="bbox 175 759 1282 857; baseline -0.007 -20"><span class='ocrx_word' id='word_1_6' title='bbox 175 773 237 837; x_wconf 91' lang='lat' dir='ltr'><strong>Nos</strong></span> <span class='ocrx_word' id='word_1_7' title='bbox 260 774 370 837; x_wconf 86' lang='lat' dir='ltr'><strong>Petrus</strong></span> <span class='ocrx_word' id='word_1_8' title='bbox 386 775 585 838; x_wconf 75' lang='lat' dir='ltr'>miseracione</span> <span class='ocrx_word' id='word_1_9' title='bbox 602 775 701 838; x_wconf 91' lang='lat' dir='ltr'><strong>diuina</strong></span> <span class='ocrx_word' id='word_1_10' title='bbox 722 775 886 857; x_wconf 87' lang='lat' dir='ltr'><strong>episcopus</strong></span> <span class='ocrx_word' id='word_1_11' title='bbox 907 759 1139 835; x_wconf 83' lang='lat' dir='ltr'><strong>Transsilnnnus</strong></span> <span class='ocrx_word' id='word_1_12' title='bbox 1162 767 1282 850; x_wconf 80' lang='lat' dir='ltr'><strong>signifi·</strong></span> 
     </span>
     <span class='ocr_line' id='line_1_4' title="bbox 17 875 1281 967; baseline -0.006 -23"><span class='ocrx_word' id='word_1_13' title='bbox 17 885 19 894; x_wconf 78' lang='grc'><strong><em>’</em></strong></span> <span class='ocrx_word' id='word_1_14' title='bbox 79 901 188 944; x_wconf 88' lang='lat' dir='ltr'><strong>camus</strong></span> <span class='ocrx_word' id='word_1_15' title='bbox 204 881 314 967; x_wconf 92' lang='lat' dir='ltr'><strong>quihus</strong></span> <span class='ocrx_word' id='word_1_16' title='bbox 332 883 452 966; x_wconf 80' lang='lat' dir='ltr'><strong>expedit</strong></span> <span class='ocrx_word' id='word_1_17' title='bbox 467 883 617 945; x_wconf 85' lang='lat' dir='ltr'><strong>uniuersis</strong></span> <span class='ocrx_word' id='word_1_18' title='bbox 636 885 830 965; x_wconf 87' lang='lat' dir='ltr'><strong>presencium</strong></span> <span class='ocrx_word' id='word_1_19' title='bbox 846 900 902 964; x_wconf 90' lang='lat' dir='ltr'><strong>per</strong></span> <span class='ocrx_word' id='word_1_20' title='bbox 919 885 1068 950; x_wconf 87' lang='lat' dir='ltr'><strong>tenorem,</strong></span> <span class='ocrx_word' id='word_1_21' title='bbox 1092 875 1171 962; x_wconf 93' lang='lat' dir='ltr'><strong>quod</strong></span> <span class='ocrx_word' id='word_1_22' title='bbox 1196 876 1281 959; x_wconf 90' lang='lat' dir='ltr'><strong>capi-</strong></span> 
     </span>
     <span class='ocr_line' id='line_1_5' title="bbox 17 982 1281 1073; baseline -0.003 -27"><span class='ocrx_word' id='word_1_23' title='bbox 17 1027 18 1046; x_wconf 65' lang='lat'><em>2</em></span> <span class='ocrx_word' id='word_1_24' title='bbox 76 987 174 1050; x_wconf 89' lang='lat' dir='ltr'><strong>lulum</strong></span> <span class='ocrx_word' id='word_1_25' title='bbox 192 989 326 1052; x_wconf 81' lang='lat' dir='ltr'>ecclesie</span> <span class='ocrx_word' id='word_1_26' title='bbox 339 994 440 1052; x_wconf 92' lang='lat' dir='ltr'><strong>nostre</strong></span> <span class='ocrx_word' id='word_1_27' title='bbox 457 989 666 1060; x_wconf 83' lang='lat' dir='ltr'><strong>Transiluane,</strong></span> <span class='ocrx_word' id='word_1_28' title='bbox 684 987 833 1073; x_wconf 92' lang='lat' dir='ltr'><strong>quendam</strong></span> <span class='ocrx_word' id='word_1_29' title='bbox 851 992 990 1058; x_wconf 90' lang='lat' dir='ltr'><strong>montem,</strong></span> <span class='ocrx_word' id='word_1_30' title='bbox 1009 987 1039 1048; x_wconf 92' lang='lat' dir='ltr'><strong>in</strong></span> <span class='ocrx_word' id='word_1_31' title='bbox 1056 984 1132 1048; x_wconf 90' lang='lat' dir='ltr'><strong>silua</strong></span> <span class='ocrx_word' id='word_1_32' title='bbox 1146 982 1281 1066; x_wconf 87' lang='lat' dir='ltr'><strong>capituli,</strong></span> 
     </span>
     <span class='ocr_line' id='line_1_6' title="bbox 17 1075 1282 1180; baseline -0.006 -20"><span class='ocrx_word' id='word_1_33' title='bbox 17 1075 18 1080; x_wconf 8' lang='grc' dir='ltr'>ἵ</span> <span class='ocrx_word' id='word_1_34' title='bbox 78 1097 205 1180; x_wconf 77' lang='lat' dir='ltr'><strong>Fylesd</strong></span> <span class='ocrx_word' id='word_1_35' title='bbox 233 1105 356 1168; x_wconf 84' lang='lat' dir='ltr'><strong>vocata,</strong></span> <span class='ocrx_word' id='word_1_36' title='bbox 390 1118 491 1168; x_wconf 90' lang='lat' dir='ltr'><strong>suum,</strong></span> <span class='ocrx_word' id='word_1_37' title='bbox 523 1097 559 1160; x_wconf 89' lang='lat' dir='ltr'><strong>ad</strong></span> <span class='ocrx_word' id='word_1_38' title='bbox 589 1097 761 1161; x_wconf 77' lang='lat' dir='ltr'><strong>instantiam</strong></span> <span class='ocrx_word' id='word_1_39' title='bbox 793 1102 825 1160; x_wconf 92' lang='lat' dir='ltr'><strong>et</strong></span> <span class='ocrx_word' id='word_1_40' title='bbox 856 1097 1033 1178; x_wconf 76' lang='lat' dir='ltr'><strong>petitionem</strong></span> <span class='ocrx_word' id='word_1_41' title='bbox 1065 1100 1215 1162; x_wconf 88' lang='lat' dir='ltr'><strong>nostram,</strong></span> <span class='ocrx_word' id='word_1_42' title='bbox 1245 1089 1282 1153; x_wconf 90' lang='lat' dir='ltr'><strong>ad</strong></span> 
     </span>
     <span class='ocr_line' id='line_1_7' title="bbox 78 1196 1281 1289; baseline -0.005 -23"><span class='ocrx_word' id='word_1_43' title='bbox 78 1204 255 1267; x_wconf 82' lang='lat' dir='ltr'><strong>faciendam</strong></span> <span class='ocrx_word' id='word_1_44' title='bbox 272 1206 466 1269; x_wconf 89' lang='lat' dir='ltr'><strong>munitionem</strong></span> <span class='ocrx_word' id='word_1_45' title='bbox 483 1207 512 1267; x_wconf 92' lang='lat' dir='ltr'><strong>in</strong></span> <span class='ocrx_word' id='word_1_46' title='bbox 530 1209 607 1289; x_wconf 86' lang='lat' dir='ltr'><strong>ipso,</strong></span> <span class='ocrx_word' id='word_1_47' title='bbox 622 1228 680 1269; x_wconf 91' lang='lat' dir='ltr'><strong>non</strong></span> <span class='ocrx_word' id='word_1_48' title='bbox 693 1207 817 1269; x_wconf 80' lang='lat' dir='ltr'><strong>realiter</strong></span> <span class='ocrx_word' id='word_1_49' title='bbox 833 1204 887 1268; x_wconf 89' lang='lat' dir='ltr'><strong>sed</strong></span> <span class='ocrx_word' id='word_1_50' title='bbox 905 1202 1119 1286; x_wconf 83' lang='lat' dir='ltr'><strong>personaliter.</strong></span> <span class='ocrx_word' id='word_1_51' title='bbox 1138 1196 1281 1283; x_wconf 82' lang='lat' dir='ltr'><strong>usquead</strong></span> 
     </span>
     <span class='ocr_line' id='line_1_8' title="bbox 18 1309 1281 1400; baseline -0.004 -26"><span class='ocrx_word' id='word_1_52' title='bbox 18 1335 19 1338; x_wconf 44' lang='lat'>¹</span> <span class='ocrx_word' id='word_1_53' title='bbox 76 1313 170 1375; x_wconf 88' lang='lat' dir='ltr'><strong>vitnm</strong></span> <span class='ocrx_word' id='word_1_54' title='bbox 184 1319 333 1388; x_wconf 75' lang='lat' dir='ltr'><strong>&#39;nostram</strong></span> <span class='ocrx_word' id='word_1_55' title='bbox 361 1336 416 1378; x_wconf 91' lang='lat' dir='ltr'><strong>sen</strong></span> <span class='ocrx_word' id='word_1_56' title='bbox 439 1315 578 1400; x_wconf 88' lang='lat' dir='ltr'><strong>quamdiu</strong></span> <span class='ocrx_word' id='word_1_57' title='bbox 601 1316 699 1398; x_wconf 90' lang='lat' dir='ltr'><strong>ipsum</strong></span> <span class='ocrx_word' id='word_1_58' title='bbox 717 1315 927 1398; x_wconf 87' lang='lat' dir='ltr'><strong>episcopatum</strong></span> <span class='ocrx_word' id='word_1_59' title='bbox 949 1309 1149 1376; x_wconf 82' lang='lat' dir='ltr'><strong>obtinebimus</strong></span> <span class='ocrx_word' id='word_1_60' title='bbox 1165 1309 1281 1371; x_wconf 85' lang='lat' dir='ltr'><strong>Trans-</strong></span> 
     </span>
     <span class='ocr_line' id='line_1_9' title="bbox 17 1419 1281 1489; baseline -0.002 -8"><span class='ocrx_word' id='word_1_61' title='bbox 17 1465 18 1470; x_wconf 36' lang='lat'>1</span> <span class='ocrx_word' id='word_1_62' title='bbox 78 1420 232 1484; x_wconf 85' lang='lat' dir='ltr'><strong>silnanum</strong></span> <span class='ocrx_word' id='word_1_63' title='bbox 264 1442 300 1486; x_wconf 84' lang='lat' dir='ltr'><strong>ex</strong></span> <span class='ocrx_word' id='word_1_64' title='bbox 328 1425 475 1489; x_wconf 91' lang='lat' dir='ltr'><strong>communi</strong></span> <span class='ocrx_word' id='word_1_65' title='bbox 501 1425 656 1488; x_wconf 90' lang='lat' dir='ltr'><strong>concessit</strong></span> <span class='ocrx_word' id='word_1_66' title='bbox 685 1425 811 1487; x_wconf 90' lang='lat' dir='ltr'><strong>consilio</strong></span> <span class='ocrx_word' id='word_1_67' title='bbox 836 1442 872 1486; x_wconf 92' lang='lat' dir='ltr'><strong>ac</strong></span> <span class='ocrx_word' id='word_1_68' title='bbox 902 1421 1030 1484; x_wconf 80' lang='lat' dir='ltr'><strong>unanimi</strong></span> <span class='ocrx_word' id='word_1_69' title='bbox 1062 1419 1213 1481; x_wconf 83' lang='lat' dir='ltr'><strong>uoluntate</strong></span> <span class='ocrx_word' id='word_1_70' title='bbox 1245 1435 1281 1478; x_wconf 88' lang='lat' dir='ltr'><strong>eo</strong></span> 
     </span>
     <span class='ocr_line' id='line_1_10' title="bbox 79 1526 1282 1615; baseline -0.004 -25"><span class='ocrx_word' id='word_1_71' title='bbox 79 1529 183 1600; x_wconf 88' lang='lat' dir='ltr'><strong>ruodo,</strong></span> <span class='ocrx_word' id='word_1_72' title='bbox 201 1550 259 1614; x_wconf 90' lang='lat' dir='ltr'><strong>quo</strong></span> <span class='ocrx_word' id='word_1_73' title='bbox 277 1551 332 1593; x_wconf 90' lang='lat' dir='ltr'><strong>nos</strong></span> <span class='ocrx_word' id='word_1_74' title='bbox 349 1531 444 1614; x_wconf 83' lang='lat' dir='ltr'><strong>ipsam</strong></span> <span class='ocrx_word' id='word_1_75' title='bbox 461 1533 652 1596; x_wconf 90' lang='lat' dir='ltr'><strong>munitionem</strong></span> <span class='ocrx_word' id='word_1_76' title='bbox 675 1532 808 1615; x_wconf 91' lang='lat' dir='ltr'><strong>propriis</strong></span> <span class='ocrx_word' id='word_1_77' title='bbox 836 1530 948 1594; x_wconf 88' lang='lat' dir='ltr'><strong>nostris</strong></span> <span class='ocrx_word' id='word_1_78' title='bbox 970 1527 1111 1611; x_wconf 83' lang='lat' dir='ltr'><strong>expensis</strong></span> <span class='ocrx_word' id='word_1_79' title='bbox 1137 1526 1282 1588; x_wconf 84' lang='lat' dir='ltr'><strong>faciemus</strong></span> 
     </span>
     <span class='ocr_line' id='line_1_11' title="bbox 17 1633 1282 1724; baseline -0.008 -24"><span class='ocrx_word' id='word_1_80' title='bbox 17 1705 18 1708; x_wconf 48' lang='lat'>,</span> <span class='ocrx_word' id='word_1_81' title='bbox 80 1641 115 1700; x_wconf 88' lang='lat' dir='ltr'><strong>et</strong></span> <span class='ocrx_word' id='word_1_82' title='bbox 134 1657 201 1701; x_wconf 88' lang='lat' dir='ltr'><strong>eam</strong></span> <span class='ocrx_word' id='word_1_83' title='bbox 215 1637 427 1712; x_wconf 84' lang='lat' dir='ltr'><strong>obtinebimus,</strong></span> <span class='ocrx_word' id='word_1_84' title='bbox 440 1638 580 1724; x_wconf 88' lang='lat' dir='ltr'><strong>quamdin</strong></span> <span class='ocrx_word' id='word_1_85' title='bbox 594 1643 802 1723; x_wconf 89' lang='lat' dir='ltr'><strong>episcopatum</strong></span> <span class='ocrx_word' id='word_1_86' title='bbox 817 1637 1010 1702; x_wconf 88' lang='lat' dir='ltr'><strong>habuerimus</strong></span> <span class='ocrx_word' id='word_1_87' title='bbox 1024 1633 1282 1705; x_wconf 84' lang='lat' dir='ltr'><strong>Transsiluanum,</strong></span> 
     </span>
     <span class='ocr_line' id='line_1_12' title="bbox 79 1740 1283 1831; baseline -0.006 -22"><span class='ocrx_word' id='word_1_88' title='bbox 79 1748 273 1830; x_wconf 81' lang='lat' dir='ltr'><strong>proprietate</strong></span> <span class='ocrx_word' id='word_1_89' title='bbox 295 1765 417 1829; x_wconf 84' lang='lat' dir='ltr'><strong>semper</strong></span> <span class='ocrx_word' id='word_1_90' title='bbox 439 1749 497 1829; x_wconf 90' lang='lat' dir='ltr'><strong>ipsi</strong></span> <span class='ocrx_word' id='word_1_91' title='bbox 521 1747 650 1831; x_wconf 92' lang='lat' dir='ltr'><strong>capitulo</strong></span> <span class='ocrx_word' id='word_1_92' title='bbox 675 1753 863 1811; x_wconf 83' lang='lat' dir='ltr'><strong>remanente.</strong></span> <span class='ocrx_word' id='word_1_93' title='bbox 889 1744 951 1808; x_wconf 87' lang='lat' dir='ltr'><strong>Sed</strong></span> <span class='ocrx_word' id='word_1_94' title='bbox 975 1742 1193 1827; x_wconf 86' lang='lat' dir='ltr'><strong>quamprimum</strong></span> <span class='ocrx_word' id='word_1_95' title='bbox 1214 1740 1283 1823; x_wconf 92' lang='lat' dir='ltr'><strong>ipse</strong></span> 
     </span>
     <span class='ocr_line' id='line_1_13' title="bbox 79 1847 1283 1938; baseline -0.007 -22"><span class='ocrx_word' id='word_1_96' title='bbox 79 1855 278 1938; x_wconf 80' lang='lat' dir='ltr'><strong>episcopatus</strong></span> <span class='ocrx_word' id='word_1_97' title='bbox 295 1855 496 1938; x_wconf 77' lang='lat' dir='ltr'><strong>qualicunque</strong></span> <span class='ocrx_word' id='word_1_98' title='bbox 513 1875 583 1918; x_wconf 89' lang='lat' dir='ltr'><strong>casu</strong></span> <span class='ocrx_word' id='word_1_99' title='bbox 602 1876 618 1918; x_wconf 89' lang='lat' dir='ltr'><strong>a</strong></span> <span class='ocrx_word' id='word_1_100' title='bbox 636 1855 722 1919; x_wconf 92' lang='lat' dir='ltr'><strong>nohis</strong></span> <span class='ocrx_word' id='word_1_101' title='bbox 739 1855 906 1924; x_wconf 86' lang='lat' dir='ltr'><strong>vacanerit,</strong></span> <span class='ocrx_word' id='word_1_102' title='bbox 920 1852 967 1914; x_wconf 85' lang='lat' dir='ltr'><strong>vel</strong></span> <span class='ocrx_word' id='word_1_103' title='bbox 985 1870 1092 1914; x_wconf 81' lang='lat' dir='ltr'><strong>vacare</strong></span> <span class='ocrx_word' id='word_1_104' title='bbox 1109 1847 1283 1925; x_wconf 80' lang='lat' dir='ltr'><strong>contigerit,</strong></span> 
     </span>
     <span class='ocr_line' id='line_1_14' title="bbox 17 1954 1283 2046; baseline -0.006 -22"><span class='ocrx_word' id='word_1_105' title='bbox 17 2041 18 2046; x_wconf 5' lang='grc' dir='ltr'>ἵ</span> <span class='ocrx_word' id='word_1_106' title='bbox 78 1963 214 2025; x_wconf 88' lang='lat' dir='ltr'><strong>municio</strong></span> <span class='ocrx_word' id='word_1_107' title='bbox 232 1981 285 2024; x_wconf 90' lang='lat' dir='ltr'><strong>sen</strong></span> <span class='ocrx_word' id='word_1_108' title='bbox 303 1961 455 2026; x_wconf 84' lang='lat' dir='ltr'><strong>edificatio</strong></span> <span class='ocrx_word' id='word_1_109' title='bbox 473 1963 579 2034; x_wconf 91' lang='lat' dir='ltr'><strong>omnis,</strong></span> <span class='ocrx_word' id='word_1_110' title='bbox 596 1982 684 2045; x_wconf 92' lang='lat' dir='ltr'><strong>quam</strong></span> <span class='ocrx_word' id='word_1_111' title='bbox 701 1964 730 2025; x_wconf 90' lang='lat' dir='ltr'><strong>in</strong></span> <span class='ocrx_word' id='word_1_112' title='bbox 748 1964 815 2046; x_wconf 89' lang='lat' dir='ltr'><strong>ipso</strong></span> <span class='ocrx_word' id='word_1_113' title='bbox 832 1970 932 2024; x_wconf 87' lang='lat' dir='ltr'><strong>monte</strong></span> <span class='ocrx_word' id='word_1_114' title='bbox 949 1959 1045 2022; x_wconf 91' lang='lat' dir='ltr'><strong>medio</strong></span> <span class='ocrx_word' id='word_1_115' title='bbox 1063 1965 1199 2040; x_wconf 88' lang='lat' dir='ltr'><strong>tempore</strong></span> <span class='ocrx_word' id='word_1_116' title='bbox 1217 1954 1283 2018; x_wconf 86' lang='lat' dir='ltr'><strong>fieri</strong></span> 
     </span>
     <span class='ocr_line' id='line_1_15' title="bbox 17 2067 1283 2154; baseline -0.006 -22"><span class='ocrx_word' id='word_1_117' title='bbox 17 2085 18 2090; x_wconf 73' lang='grc'>’</span> <span class='ocrx_word' id='word_1_118' title='bbox 77 2071 258 2141; x_wconf 80' lang='lat' dir='ltr'><strong>fecerimus,</strong></span> <span class='ocrx_word' id='word_1_119' title='bbox 282 2089 349 2132; x_wconf 91' lang='lat' dir='ltr'><strong>cum</strong></span> <span class='ocrx_word' id='word_1_120' title='bbox 373 2071 560 2152; x_wconf 91' lang='lat' dir='ltr'><strong>proprietate</strong></span> <span class='ocrx_word' id='word_1_121' title='bbox 585 2089 644 2154; x_wconf 91' lang='lat' dir='ltr'><strong>que</strong></span> <span class='ocrx_word' id='word_1_122' title='bbox 667 2090 787 2153; x_wconf 90' lang='lat' dir='ltr'><strong>semper</strong></span> <span class='ocrx_word' id='word_1_123' title='bbox 804 2070 939 2152; x_wconf 91' lang='lat' dir='ltr'><strong>ipsorum</strong></span> <span class='ocrx_word' id='word_1_124' title='bbox 956 2067 1023 2138; x_wconf 86' lang='lat' dir='ltr'><strong>luit,</strong></span> <span class='ocrx_word' id='word_1_125' title='bbox 1047 2074 1078 2130; x_wconf 91' lang='lat' dir='ltr'><strong>et</strong></span> <span class='ocrx_word' id='word_1_126' title='bbox 1094 2071 1152 2136; x_wconf 86' lang='lat' dir='ltr'><strong>est,</strong></span> <span class='ocrx_word' id='word_1_127' title='bbox 1166 2070 1197 2128; x_wconf 90' lang='lat' dir='ltr'><strong>et</strong></span> <span class='ocrx_word' id='word_1_128' title='bbox 1212 2083 1283 2126; x_wconf 87' lang='lat' dir='ltr'><strong>esse</strong></span> 
     </span>
     <span class='ocr_line' id='line_1_16' title="bbox 78 2173 1282 2261; baseline -0.006 -19"><span class='ocrx_word' id='word_1_129' title='bbox 78 2178 186 2250; x_wconf 87' lang='lat' dir='ltr'><strong>dehet,</strong></span> <span class='ocrx_word' id='word_1_130' title='bbox 204 2185 317 2244; x_wconf 90' lang='lat' dir='ltr'><strong>etcum</strong></span> <span class='ocrx_word' id='word_1_131' title='bbox 335 2178 416 2240; x_wconf 91' lang='lat' dir='ltr'><strong>omni</strong></span> <span class='ocrx_word' id='word_1_132' title='bbox 431 2177 558 2248; x_wconf 88' lang='lat' dir='ltr'><strong>utilitate</strong></span> <span class='ocrx_word' id='word_1_133' title='bbox 575 2178 612 2241; x_wconf 90' lang='lat' dir='ltr'><strong>ad</strong></span> <span class='ocrx_word' id='word_1_134' title='bbox 629 2179 727 2261; x_wconf 91' lang='lat' dir='ltr'><strong>ipsum</strong></span> <span class='ocrx_word' id='word_1_135' title='bbox 745 2179 906 2261; x_wconf 87' lang='lat' dir='ltr'><strong>capitulum</strong></span> <span class='ocrx_word' id='word_1_136' title='bbox 924 2179 989 2240; x_wconf 89' lang='lat' dir='ltr'><strong>iure</strong></span> <span class='ocrx_word' id='word_1_137' title='bbox 1006 2180 1154 2260; x_wconf 88' lang='lat' dir='ltr'><strong>perpetuo</strong></span> <span class='ocrx_word' id='word_1_138' title='bbox 1176 2173 1282 2237; x_wconf 91' lang='lat' dir='ltr'><strong>deuol-</strong></span> 
     </span>
     <span class='ocr_line' id='line_1_17' title="bbox 79 2282 1284 2371; baseline -0.005 -21"><span class='ocrx_word' id='word_1_139' title='bbox 79 2292 184 2357; x_wconf 86' lang='lat' dir='ltr'><strong>netur,</strong></span> <span class='ocrx_word' id='word_1_140' title='bbox 201 2287 317 2370; x_wconf 89' lang='lat' dir='ltr'><strong>absque</strong></span> <span class='ocrx_word' id='word_1_141' title='bbox 334 2286 431 2371; x_wconf 88' lang='lat' dir='ltr'><strong>aliqua</strong></span> <span class='ocrx_word' id='word_1_142' title='bbox 449 2287 640 2370; x_wconf 87' lang='lat' dir='ltr'><strong>impositione</strong></span> <span class='ocrx_word' id='word_1_143' title='bbox 652 2287 730 2367; x_wconf 88' lang='lat' dir='ltr'><strong>juris</strong></span> <span class='ocrx_word' id='word_1_144' title='bbox 748 2286 931 2370; x_wconf 91' lang='lat' dir='ltr'><strong>episcopalis</strong></span> <span class='ocrx_word' id='word_1_145' title='bbox 955 2282 1194 2349; x_wconf 90' lang='lat' dir='ltr'><strong>irreuocabiliter</strong></span> <span class='ocrx_word' id='word_1_146' title='bbox 1212 2303 1284 2366; x_wconf 91' lang='lat' dir='ltr'><strong>pos-</strong></span> 
     </span>
     <span class='ocr_line' id='line_1_18' title="bbox 17 2391 1282 2480; baseline -0.004 -22"><span class='ocrx_word' id='word_1_147' title='bbox 17 2391 19 2480; x_wconf 21' lang='grc' dir='ltr'><strong>ζ</strong></span> <span class='ocrx_word' id='word_1_148' title='bbox 78 2395 215 2466; x_wconf 87' lang='lat' dir='ltr'><strong>sidendi,</strong></span> <span class='ocrx_word' id='word_1_149' title='bbox 231 2415 297 2460; x_wconf 88' lang='lat' dir='ltr'><strong>com</strong></span> <span class='ocrx_word' id='word_1_150' title='bbox 315 2394 407 2458; x_wconf 88' lang='lat' dir='ltr'><strong>nichil</strong></span> <span class='ocrx_word' id='word_1_151' title='bbox 424 2395 502 2476; x_wconf 86' lang='lat' dir='ltr'><strong>juris</strong></span> <span class='ocrx_word' id='word_1_152' title='bbox 519 2396 684 2460; x_wconf 82' lang='lat' dir='ltr'><strong>vocacione</strong></span> <span class='ocrx_word' id='word_1_153' title='bbox 701 2398 896 2479; x_wconf 85' lang='lat' dir='ltr'><strong>episcopatus</strong></span> <span class='ocrx_word' id='word_1_154' title='bbox 912 2395 1088 2464; x_wconf 85' lang='lat' dir='ltr'><strong>babeamus,</strong></span> <span class='ocrx_word' id='word_1_155' title='bbox 1099 2392 1148 2456; x_wconf 90' lang='lat' dir='ltr'><strong>uel</strong></span> <span class='ocrx_word' id='word_1_156' title='bbox 1164 2391 1282 2454; x_wconf 92' lang='lat' dir='ltr'><strong>habue-</strong></span> 
     </span>
     <span class='ocr_line' id='line_1_19' title="bbox 17 2489 1283 2585; baseline -0.002 -21"><span class='ocrx_word' id='word_1_157' title='bbox 17 2489 19 2578; x_wconf 25' lang='grc' dir='ltr'>ζ</span> <span class='ocrx_word' id='word_1_158' title='bbox 78 2503 179 2567; x_wconf 89' lang='lat' dir='ltr'><strong>rimus</strong></span> <span class='ocrx_word' id='word_1_159' title='bbox 206 2503 237 2568; x_wconf 89' lang='lat' dir='ltr'><strong>in</strong></span> <span class='ocrx_word' id='word_1_160' title='bbox 265 2507 367 2572; x_wconf 82' lang='lat' dir='ltr'><strong>monte</strong></span> <span class='ocrx_word' id='word_1_161' title='bbox 394 2523 468 2585; x_wconf 90' lang='lat' dir='ltr'><strong>sepe</strong></span> <span class='ocrx_word' id='word_1_162' title='bbox 497 2503 587 2566; x_wconf 92' lang='lat' dir='ltr'><strong>dicto.</strong></span> <span class='ocrx_word' id='word_1_163' title='bbox 616 2501 653 2565; x_wconf 90' lang='lat' dir='ltr'><strong>Vt</strong></span> <span class='ocrx_word' id='word_1_164' title='bbox 675 2504 843 2582; x_wconf 79' lang='lat' dir='ltr'><strong>igiturhec</strong></span> <span class='ocrx_word' id='word_1_165' title='bbox 860 2502 1031 2572; x_wconf 86' lang='lat' dir='ltr'><strong>concessio,</strong></span> <span class='ocrx_word' id='word_1_166' title='bbox 1054 2520 1109 2562; x_wconf 92' lang='lat' dir='ltr'><strong>sen</strong></span> <span class='ocrx_word' id='word_1_167' title='bbox 1126 2498 1283 2562; x_wconf 88' lang='lat' dir='ltr'><strong>edificacio</strong></span> 
     </span>
    </p>
   </div>
   <div class='ocr_carea' id='block_1_3' title="bbox 17 2606 1285 3016">
    <p class='ocr_par' dir='ltr' id='par_1_3' title="bbox 17 2606 1285 3016">
     <span class='ocr_line' id='line_1_20' title="bbox 80 2606 1282 2695; baseline -0.002 -23"><span class='ocrx_word' id='word_1_168' title='bbox 80 2610 268 2672; x_wconf 89' lang='lat' dir='ltr'><strong>municionis</strong></span> <span class='ocrx_word' id='word_1_169' title='bbox 284 2611 314 2672; x_wconf 92' lang='lat' dir='ltr'><strong>in</strong></span> <span class='ocrx_word' id='word_1_170' title='bbox 332 2611 399 2694; x_wconf 91' lang='lat' dir='ltr'><strong>ipso</strong></span> <span class='ocrx_word' id='word_1_171' title='bbox 417 2617 518 2674; x_wconf 93' lang='lat' dir='ltr'><strong>monte</strong></span> <span class='ocrx_word' id='word_1_172' title='bbox 536 2631 593 2672; x_wconf 93' lang='lat' dir='ltr'><strong>non</strong></span> <span class='ocrx_word' id='word_1_173' title='bbox 611 2612 710 2693; x_wconf 89' lang='lat' dir='ltr'><strong>possit</strong></span> <span class='ocrx_word' id='word_1_174' title='bbox 726 2613 783 2695; x_wconf 86' lang='lat' dir='ltr'><strong>ipsi</strong></span> <span class='ocrx_word' id='word_1_175' title='bbox 802 2611 931 2695; x_wconf 90' lang='lat' dir='ltr'><strong>capitulo</strong></span> <span class='ocrx_word' id='word_1_176' title='bbox 948 2607 1147 2692; x_wconf 86' lang='lat' dir='ltr'><strong>prejudicium</strong></span> <span class='ocrx_word' id='word_1_177' title='bbox 1164 2606 1282 2690; x_wconf 86' lang='lat' dir='ltr'><strong>aliquod</strong></span> 
     </span>
     <span class='ocr_line' id='line_1_21' title="bbox 18 2697 1285 2801; baseline -0.002 -23"><span class='ocrx_word' id='word_1_178' title='bbox 18 2697 19 2700; x_wconf 8' lang='grc' dir='ltr'><strong>Ἴ</strong></span> <span class='ocrx_word' id='word_1_179' title='bbox 79 2737 248 2798; x_wconf 83' lang='lat' dir='ltr'><strong>generare,</strong></span> <span class='ocrx_word' id='word_1_180' title='bbox 266 2738 321 2780; x_wconf 90' lang='lat' dir='ltr'><strong>nos</strong></span> <span class='ocrx_word' id='word_1_181' title='bbox 338 2725 498 2801; x_wconf 87' lang='lat' dir='ltr'><strong>presentes</strong></span> <span class='ocrx_word' id='word_1_182' title='bbox 515 2719 630 2782; x_wconf 84' lang='lat' dir='ltr'><strong>litteras</strong></span> <span class='ocrx_word' id='word_1_183' title='bbox 648 2718 741 2800; x_wconf 83' lang='lat' dir='ltr'><strong>sigilli</strong></span> <span class='ocrx_word' id='word_1_184' title='bbox 759 2719 854 2782; x_wconf 89' lang='lat' dir='ltr'><strong>nostri</strong></span> <span class='ocrx_word' id='word_1_185' title='bbox 871 2719 1033 2782; x_wconf 86' lang='lat' dir='ltr'><strong>munimine</strong></span> <span class='ocrx_word' id='word_1_186' title='bbox 1051 2718 1177 2778; x_wconf 84' lang='lat' dir='ltr'><strong>feciruus</strong></span> <span class='ocrx_word' id='word_1_187' title='bbox 1194 2715 1285 2776; x_wconf 88' lang='lat' dir='ltr'><strong>roho-</strong></span> 
     </span>
     <span class='ocr_line' id='line_1_22' title="bbox 17 2823 1284 2911; baseline -0.004 -24"><span class='ocrx_word' id='word_1_188' title='bbox 17 2829 18 2850; x_wconf 16' lang='grc' dir='ltr'>ἦ</span> <span class='ocrx_word' id='word_1_189' title='bbox 80 2827 156 2888; x_wconf 75' lang='lat' dir='ltr'><strong>rari.</strong></span> <span class='ocrx_word' id='word_1_190' title='bbox 193 2826 299 2888; x_wconf 88' lang='lat' dir='ltr'><strong>Datum</strong></span> <span class='ocrx_word' id='word_1_191' title='bbox 320 2825 394 2889; x_wconf 83' lang='lat' dir='ltr'><strong>Albe</strong></span> <span class='ocrx_word' id='word_1_192' title='bbox 416 2827 446 2888; x_wconf 91' lang='lat' dir='ltr'><strong>in</strong></span> <span class='ocrx_word' id='word_1_193' title='bbox 470 2828 584 2891; x_wconf 82' lang='lat' dir='ltr'><strong>octavis</strong></span> <span class='ocrx_word' id='word_1_194' title='bbox 607 2828 812 2911; x_wconf 89' lang='lat' dir='ltr'><strong>apostolorum</strong></span> <span class='ocrx_word' id='word_1_195' title='bbox 839 2826 967 2909; x_wconf 88' lang='lat' dir='ltr'><strong>Philippi</strong></span> <span class='ocrx_word' id='word_1_196' title='bbox 990 2830 1021 2888; x_wconf 93' lang='lat' dir='ltr'><strong>et</strong></span> <span class='ocrx_word' id='word_1_197' title='bbox 1044 2823 1161 2886; x_wconf 85' lang='lat' dir='ltr'><strong>lacohi.</strong></span> <span class='ocrx_word' id='word_1_198' title='bbox 1198 2825 1284 2884; x_wconf 80' lang='lat' dir='ltr'><strong>Anno</strong></span> 
     </span>
     <span class='ocr_line' id='line_1_23' title="bbox 81 2934 862 3016; baseline -0.001 -21"><span class='ocrx_word' id='word_1_199' title='bbox 81 2934 200 2998; x_wconf 92' lang='lat' dir='ltr'><strong>domini</strong></span> <span class='ocrx_word' id='word_1_200' title='bbox 218 2935 272 2996; x_wconf 70' lang='lat' dir='ltr'><strong>Ml.</strong></span> <span class='ocrx_word' id='word_1_201' title='bbox 292 2934 509 3006; x_wconf 88' lang='lat' dir='ltr'><strong>ducentesimo,</strong></span> <span class='ocrx_word' id='word_1_202' title='bbox 526 2937 750 3016; x_wconf 85' lang='lat' dir='ltr'><strong>septuagesimo</strong></span> <span class='ocrx_word' id='word_1_203' title='bbox 769 2940 862 2998; x_wconf 86' lang='lat' dir='ltr'><strong>sexto.</strong></span> 
     </span>
    </p>
   </div>
   <div class='ocr_carea' id='block_1_4' title="bbox 650 3120 713 3190">
    <p class='ocr_par' dir='ltr' id='par_1_4' title="bbox 650 3120 713 3190">
     <span class='ocr_line' id='line_1_24' title="bbox 650 3120 713 3190; baseline 0.016 -1"><span class='ocrx_word' id='word_1_204' title='bbox 650 3120 713 3190; x_wconf 78' lang='lat' dir='ltr'><strong>CX.</strong></span> 
     </span>
    </p>
   </div>
   <div class='ocr_carea' id='block_1_5' title="bbox 461 3257 907 3322">
    <p class='ocr_par' dir='ltr' id='par_1_5' title="bbox 461 3257 907 3322">
     <span class='ocr_line' id='line_1_25' title="bbox 461 3257 907 3322; baseline -0.002 -11"><span class='ocrx_word' id='word_1_205' title='bbox 461 3257 539 3322; x_wconf 78' lang='lat'><strong>1276,</strong></span> <span class='ocrx_word' id='word_1_206' title='bbox 559 3259 603 3312; x_wconf 82' lang='lat'><strong>28.</strong></span> <span class='ocrx_word' id='word_1_207' title='bbox 621 3259 682 3312; x_wconf 86' lang='lat' dir='ltr'><strong>Juli.</strong></span> <span class='ocrx_word' id='word_1_208' title='bbox 702 3259 790 3312; x_wconf 88' lang='lat' dir='ltr'><strong>Villa</strong></span> <span class='ocrx_word' id='word_1_209' title='bbox 809 3259 907 3312; x_wconf 79' lang='lat' dir='ltr'><strong>Thur.</strong></span> 
     </span>
    </p>
   </div>
   <div class='ocr_carea' id='block_1_6' title="bbox 17 3365 1284 4534">
    <p class='ocr_par' dir='ltr' id='par_1_6' title="bbox 17 3365 1284 4534">
     <span class='ocr_line' id='line_1_26' title="bbox 178 3365 1284 3456; baseline 0.002 -28"><span class='ocrx_word' id='word_1_210' title='bbox 178 3365 241 3428; x_wconf 93' lang='lat' dir='ltr'><strong>Nos</strong></span> <span class='ocrx_word' id='word_1_211' title='bbox 265 3369 360 3429; x_wconf 87' lang='lat' dir='ltr'><strong>frater</strong></span> <span class='ocrx_word' id='word_1_212' title='bbox 376 3367 510 3432; x_wconf 83' lang='lat' dir='ltr'><strong>lacobus</strong></span> <span class='ocrx_word' id='word_1_213' title='bbox 528 3367 625 3430; x_wconf 90' lang='lat' dir='ltr'><strong>dictus</strong></span> <span class='ocrx_word' id='word_1_214' title='bbox 643 3370 834 3456; x_wconf 79' lang='lat' dir='ltr'><strong>Wechelyny</strong></span> <span class='ocrx_word' id='word_1_215' title='bbox 855 3371 1000 3452; x_wconf 83' lang='lat' dir='ltr'><strong>magister</strong></span> <span class='ocrx_word' id='word_1_216' title='bbox 1023 3369 1127 3432; x_wconf 90' lang='lat' dir='ltr'><strong>domus</strong></span> <span class='ocrx_word' id='word_1_217' title='bbox 1152 3369 1284 3432; x_wconf 85' lang='lat' dir='ltr'><strong>crucife-</strong></span> 
     </span>
     <span class='ocr_line' id='line_1_27' title="bbox 82 3473 1281 3560; baseline 0 -22"><span class='ocrx_word' id='word_1_218' title='bbox 82 3495 189 3538; x_wconf 89' lang='lat' dir='ltr'><strong>rorum</strong></span> <span class='ocrx_word' id='word_1_219' title='bbox 209 3474 246 3536; x_wconf 92' lang='lat' dir='ltr'><strong>de</strong></span> <span class='ocrx_word' id='word_1_220' title='bbox 262 3473 384 3537; x_wconf 87' lang='lat' dir='ltr'><strong>Thnrdn</strong></span> <span class='ocrx_word' id='word_1_221' title='bbox 402 3479 545 3542; x_wconf 90' lang='lat' dir='ltr'><strong>memorie</strong></span> <span class='ocrx_word' id='word_1_222' title='bbox 562 3478 807 3540; x_wconf 90' lang='lat' dir='ltr'><strong>commendamus</strong></span> <span class='ocrx_word' id='word_1_223' title='bbox 820 3478 980 3552; x_wconf 83' lang='lat' dir='ltr'><strong>universis,</strong></span> <span class='ocrx_word' id='word_1_224' title='bbox 993 3497 1119 3560; x_wconf 88' lang='lat' dir='ltr'><strong>quornm</strong></span> <span class='ocrx_word' id='word_1_225' title='bbox 1131 3477 1281 3548; x_wconf 89' lang='lat' dir='ltr'><strong>intererit,</strong></span> 
     </span>
     <span class='ocr_line' id='line_1_28' title="bbox 17 3583 1283 3667; baseline 0.002 -21"><span class='ocrx_word' id='word_1_226' title='bbox 17 3591 18 3594; x_wconf 75' lang='grc'>’</span> <span class='ocrx_word' id='word_1_227' title='bbox 83 3583 167 3666; x_wconf 89' lang='lat' dir='ltr'><strong>quod</strong></span> <span class='ocrx_word' id='word_1_228' title='bbox 183 3583 337 3648; x_wconf 79' lang='lat' dir='ltr'><strong>Nicotaus</strong></span> <span class='ocrx_word' id='word_1_229' title='bbox 360 3583 399 3646; x_wconf 90' lang='lat' dir='ltr'><strong>de</strong></span> <span class='ocrx_word' id='word_1_230' title='bbox 423 3583 491 3646; x_wconf 83' lang='lat' dir='ltr'><strong>villa</strong></span> <span class='ocrx_word' id='word_1_231' title='bbox 511 3585 615 3656; x_wconf 82' lang='lat' dir='ltr'><strong>Thur,</strong></span> <span class='ocrx_word' id='word_1_232' title='bbox 639 3590 670 3647; x_wconf 91' lang='lat' dir='ltr'><strong>et</strong></span> <span class='ocrx_word' id='word_1_233' title='bbox 692 3604 779 3649; x_wconf 91' lang='lat' dir='ltr'><strong>soror</strong></span> <span class='ocrx_word' id='word_1_234' title='bbox 802 3587 869 3667; x_wconf 87' lang='lat' dir='ltr'><strong>ejus</strong></span> <span class='ocrx_word' id='word_1_235' title='bbox 891 3585 1046 3648; x_wconf 86' lang='lat' dir='ltr'><strong>Elisabeth</strong></span> <span class='ocrx_word' id='word_1_236' title='bbox 1072 3605 1174 3649; x_wconf 91' lang='lat' dir='ltr'><strong>coram</strong></span> <span class='ocrx_word' id='word_1_237' title='bbox 1197 3585 1283 3648; x_wconf 91' lang='lat' dir='ltr'><strong>nohis</strong></span> 
     </span>
     <span class='ocr_line' id='line_1_29' title="bbox 84 3690 1281 3778; baseline 0.001 -24"><span class='ocrx_word' id='word_1_238' title='bbox 84 3690 289 3775; x_wconf 89' lang='lat' dir='ltr'><strong>personaliter</strong></span> <span class='ocrx_word' id='word_1_239' title='bbox 317 3690 473 3754; x_wconf 90' lang='lat' dir='ltr'><strong>constituti</strong></span> <span class='ocrx_word' id='word_1_240' title='bbox 497 3693 626 3775; x_wconf 83' lang='lat' dir='ltr'><strong>professi</strong></span> <span class='ocrx_word' id='word_1_241' title='bbox 651 3699 731 3764; x_wconf 87' lang='lat' dir='ltr'><strong>sunt,</strong></span> <span class='ocrx_word' id='word_1_242' title='bbox 754 3693 902 3778; x_wconf 91' lang='lat' dir='ltr'><strong>quomodo</strong></span> <span class='ocrx_word' id='word_1_243' title='bbox 923 3697 988 3776; x_wconf 91' lang='lat' dir='ltr'><strong>ipsa</strong></span> <span class='ocrx_word' id='word_1_244' title='bbox 1011 3692 1281 3777; x_wconf 81' lang='lat' dir='ltr'><strong>Elisabet‘pratnm</strong></span> 
     </span>
     <span class='ocr_line' id='line_1_30' title="bbox 84 3798 1282 3884; baseline 0.003 -22"><span class='ocrx_word' id='word_1_245' title='bbox 84 3817 176 3862; x_wconf 90' lang='lat' dir='ltr'><strong>unum</strong></span> <span class='ocrx_word' id='word_1_246' title='bbox 193 3798 222 3861; x_wconf 92' lang='lat' dir='ltr'><strong>in</strong></span> <span class='ocrx_word' id='word_1_247' title='bbox 235 3799 303 3864; x_wconf 87' lang='lat' dir='ltr'><strong>villa</strong></span> <span class='ocrx_word' id='word_1_248' title='bbox 312 3799 396 3861; x_wconf 78' lang='lat' dir='ltr'><strong>&#39;l&#39;hur</strong></span> <span class='ocrx_word' id='word_1_249' title='bbox 413 3798 449 3861; x_wconf 89' lang='lat' dir='ltr'><strong>ad</strong></span> <span class='ocrx_word' id='word_1_250' title='bbox 468 3800 587 3882; x_wconf 84' lang='lat' dir='ltr'><strong>plagam</strong></span> <span class='ocrx_word' id='word_1_251' title='bbox 605 3802 824 3866; x_wconf 88' lang='lat' dir='ltr'><strong>occidentalem</strong></span> <span class='ocrx_word' id='word_1_252' title='bbox 841 3803 941 3872; x_wconf 88' lang='lat' dir='ltr'><strong>situm,</strong></span> <span class='ocrx_word' id='word_1_253' title='bbox 955 3800 1044 3883; x_wconf 84' lang='lat' dir='ltr'><strong>uulgo</strong></span> <span class='ocrx_word' id='word_1_254' title='bbox 1055 3802 1160 3884; x_wconf 82' lang='lat' dir='ltr'><strong>Thury</strong></span> <span class='ocrx_word' id='word_1_255' title='bbox 1176 3802 1282 3865; x_wconf 80' lang='lat' dir='ltr'><strong>Fewld</strong></span> 
     </span>
     <span class='ocr_line' id='line_1_31' title="bbox 85 3907 1282 3993; baseline 0.003 -25"><span class='ocrx_word' id='word_1_256' title='bbox 85 3911 307 3988; x_wconf 83' lang='lat' dir='ltr'><strong>nuncupatum,</strong></span> <span class='ocrx_word' id='word_1_257' title='bbox 330 3911 362 3993; x_wconf 85' lang='lat' dir='ltr'><strong>at</strong></span> <span class='ocrx_word' id='word_1_258' title='bbox 383 3907 479 3988; x_wconf 86' lang='lat' dir='ltr'><strong>ipsam</strong></span> <span class='ocrx_word' id='word_1_259' title='bbox 502 3907 651 3972; x_wconf 88' lang='lat' dir='ltr'><strong>dominam</strong></span> <span class='ocrx_word' id='word_1_260' title='bbox 673 3910 827 3976; x_wconf 85' lang='lat' dir='ltr'><strong>Elisabeth</strong></span> <span class='ocrx_word' id='word_1_261' title='bbox 843 3918 927 3974; x_wconf 90' lang='lat' dir='ltr'><strong>sorte</strong></span> <span class='ocrx_word' id='word_1_262' title='bbox 943 3910 1137 3973; x_wconf 83' lang='lat' dir='ltr'><strong>divisionaria</strong></span> <span class='ocrx_word' id='word_1_263' title='bbox 1154 3929 1282 3973; x_wconf 90' lang='lat' dir='ltr'><strong>concer-</strong></span> 
     </span>
     <span class='ocr_line' id='line_1_32' title="bbox 17 4015 1281 4102; baseline 0.002 -26"><span class='ocrx_word' id='word_1_264' title='bbox 17 4087 18 4102; x_wconf 19' lang='lat'><em>2</em></span> <span class='ocrx_word' id='word_1_265' title='bbox 84 4019 209 4076; x_wconf 92' lang='lat' dir='ltr'><strong>nentem</strong></span> <span class='ocrx_word' id='word_1_266' title='bbox 234 4015 352 4096; x_wconf 87' lang='lat' dir='ltr'><strong>prefato</strong></span> <span class='ocrx_word' id='word_1_267' title='bbox 384 4017 470 4078; x_wconf 86' lang='lat' dir='ltr'><strong>fratri</strong></span> <span class='ocrx_word' id='word_1_268' title='bbox 498 4037 552 4080; x_wconf 90' lang='lat' dir='ltr'><strong>sno</strong></span> <span class='ocrx_word' id='word_1_269' title='bbox 584 4018 712 4089; x_wconf 90' lang='lat' dir='ltr'><strong>carnali,</strong></span> <span class='ocrx_word' id='word_1_270' title='bbox 742 4024 773 4080; x_wconf 89' lang='lat' dir='ltr'><strong>et</strong></span> <span class='ocrx_word' id='word_1_271' title='bbox 794 4019 912 4082; x_wconf 91' lang='lat' dir='ltr'><strong>uterino</strong></span> <span class='ocrx_word' id='word_1_272' title='bbox 935 4018 1060 4082; x_wconf 90' lang='lat' dir='ltr'><strong>Nicolao</strong></span> <span class='ocrx_word' id='word_1_273' title='bbox 1084 4039 1141 4102; x_wconf 87' lang='lat' dir='ltr'><strong>pro</strong></span> <span class='ocrx_word' id='word_1_274' title='bbox 1166 4016 1281 4081; x_wconf 90' lang='lat' dir='ltr'><strong>duabus</strong></span> 
     </span>
     <span class='ocr_line' id='line_1_33' title="bbox 84 4121 1282 4210; baseline 0.003 -26"><span class='ocrx_word' id='word_1_275' title='bbox 84 4121 220 4184; x_wconf 90' lang='lat' dir='ltr'><strong>marchis</strong></span> <span class='ocrx_word' id='word_1_276' title='bbox 235 4123 438 4205; x_wconf 90' lang='lat' dir='ltr'><strong>perennaliter</strong></span> <span class='ocrx_word' id='word_1_277' title='bbox 449 4124 646 4196; x_wconf 85' lang='lat' dir='ltr'><strong>vendidisset,</strong></span> <span class='ocrx_word' id='word_1_278' title='bbox 662 4127 807 4192; x_wconf 90' lang='lat' dir='ltr'><strong>tradisset</strong></span> <span class='ocrx_word' id='word_1_279' title='bbox 823 4126 1048 4210; x_wconf 87' lang='lat' dir='ltr'><strong>possidendum,</strong></span> <span class='ocrx_word' id='word_1_280' title='bbox 1066 4131 1174 4190; x_wconf 87' lang='lat' dir='ltr'><strong>cuncta</strong></span> <span class='ocrx_word' id='word_1_281' title='bbox 1191 4145 1282 4190; x_wconf 85' lang='lat' dir='ltr'><strong>onera</strong></span> 
     </span>
     <span class='ocr_line' id='line_1_34' title="bbox 84 4228 1280 4317; baseline 0.002 -23"><span class='ocrx_word' id='word_1_282' title='bbox 84 4228 288 4314; x_wconf 89' lang='lat' dir='ltr'><strong>quorumlibet</strong></span> <span class='ocrx_word' id='word_1_283' title='bbox 303 4231 333 4292; x_wconf 91' lang='lat' dir='ltr'><strong>in</strong></span> <span class='ocrx_word' id='word_1_284' title='bbox 350 4251 384 4294; x_wconf 91' lang='lat' dir='ltr'><strong>se</strong></span> <span class='ocrx_word' id='word_1_285' title='bbox 401 4232 592 4298; x_wconf 89' lang='lat' dir='ltr'><strong>assumendo.</strong></span> <span class='ocrx_word' id='word_1_286' title='bbox 611 4235 772 4317; x_wconf 81' lang='lat' dir='ltr'><strong>Quosuper</strong></span> <span class='ocrx_word' id='word_1_287' title='bbox 789 4238 949 4317; x_wconf 87' lang='lat' dir='ltr'><strong>presentes</strong></span> <span class='ocrx_word' id='word_1_288' title='bbox 959 4233 1097 4297; x_wconf 89' lang='lat' dir='ltr'><strong>dedimus</strong></span> <span class='ocrx_word' id='word_1_289' title='bbox 1111 4236 1155 4297; x_wconf 93' lang='lat' dir='ltr'><strong>eis</strong></span> <span class='ocrx_word' id='word_1_290' title='bbox 1164 4233 1280 4298; x_wconf 91' lang='lat' dir='ltr'><strong>litteras</strong></span> 
     </span>
     <span class='ocr_line' id='line_1_35' title="bbox 87 4339 1280 4426; baseline 0.003 -26"><span class='ocrx_word' id='word_1_291' title='bbox 87 4343 208 4402; x_wconf 89' lang='lat' dir='ltr'><strong>nostras</strong></span> <span class='ocrx_word' id='word_1_292' title='bbox 225 4339 254 4400; x_wconf 92' lang='lat' dir='ltr'><strong>in</strong></span> <span class='ocrx_word' id='word_1_293' title='bbox 271 4339 402 4402; x_wconf 84' lang='lat' dir='ltr'><strong>loturam</strong></span> <span class='ocrx_word' id='word_1_294' title='bbox 419 4339 582 4404; x_wconf 88' lang='lat' dir='ltr'><strong>eorundem</strong></span> <span class='ocrx_word' id='word_1_295' title='bbox 597 4341 754 4406; x_wconf 88' lang='lat' dir='ltr'><strong>cautelam.</strong></span> <span class='ocrx_word' id='word_1_296' title='bbox 772 4342 882 4406; x_wconf 87' lang='lat' dir='ltr'><strong>Datum</strong></span> <span class='ocrx_word' id='word_1_297' title='bbox 893 4345 923 4406; x_wconf 91' lang='lat' dir='ltr'><strong>in</strong></span> <span class='ocrx_word' id='word_1_298' title='bbox 935 4343 1092 4426; x_wconf 89' lang='lat' dir='ltr'><strong>sepedicta</strong></span> <span class='ocrx_word' id='word_1_299' title='bbox 1105 4340 1173 4404; x_wconf 84' lang='lat' dir='ltr'><strong>uilla</strong></span> <span class='ocrx_word' id='word_1_300' title='bbox 1184 4342 1280 4413; x_wconf 84' lang='lat' dir='ltr'><strong>Thur,</strong></span> 
     </span>
     <span class='ocr_line' id='line_1_36' title="bbox 85 4446 1242 4534; baseline 0.003 -26"><span class='ocrx_word' id='word_1_301' title='bbox 85 4447 164 4509; x_wconf 83' lang='lat' dir='ltr'><strong>feria</strong></span> <span class='ocrx_word' id='word_1_302' title='bbox 179 4446 216 4508; x_wconf 95' lang='lat' dir='ltr'><strong>lll</strong></span> <span class='ocrx_word' id='word_1_303' title='bbox 232 4449 365 4529; x_wconf 85' lang='lat' dir='ltr'><strong>proxima</strong></span> <span class='ocrx_word' id='word_1_304' title='bbox 383 4452 452 4530; x_wconf 89' lang='lat' dir='ltr'><strong>post</strong></span> <span class='ocrx_word' id='word_1_305' title='bbox 468 4448 579 4512; x_wconf 80' lang='lat' dir='ltr'><strong>festum</strong></span> <span class='ocrx_word' id='word_1_306' title='bbox 597 4449 693 4512; x_wconf 89' lang='lat' dir='ltr'><strong>sancti</strong></span> <span class='ocrx_word' id='word_1_307' title='bbox 707 4449 824 4514; x_wconf 85' lang='lat' dir='ltr'><strong>Jacohi.</strong></span> <span class='ocrx_word' id='word_1_308' title='bbox 843 4448 924 4513; x_wconf 84' lang='lat' dir='ltr'><strong>MCC</strong></span> <span class='ocrx_word' id='word_1_309' title='bbox 940 4451 1164 4534; x_wconf 79' lang='lat' dir='ltr'><strong>septuagesimo</strong></span> <span class='ocrx_word' id='word_1_310' title='bbox 1181 4449 1242 4512; x_wconf 83' lang='lat' dir='ltr'><strong>Vl0.</strong></span> 
     </span>
    </p>
   </div>
   <div class='ocr_carea' id='block_1_7' title="bbox 0 0 1587 5092">
    <p class='ocr_par' dir='ltr' id='par_1_7' title="bbox 0 0 1587 5092">
     <span class='ocr_line' id='line_1_37' title="bbox 0 0 1587 5092; baseline 0 0"><span class='ocrx_word' id='word_1_311' title='bbox 0 0 1587 5092; x_wconf 95' lang='lat' dir='ltr'><strong> </strong></span> 
     </span>
    </p>
   </div>
  </div>
 </body>
</html>
