3150 5092
1238 373 1281 444 tl

82 571 193 614 eorum
210 551 312 623 intret,
341 553 388 615 vel
405 556 560 633 presumat
583 571 635 644 eos
652 552 682 612 in
700 550 798 635 aliquo
810 549 988 621 molestare3
1017 547 1072 611 sed
1090 548 1171 611 dicto
1199 546 1286 612 fratri

84 661 299 733 Theoderico,
330 666 362 724 et
392 660 452 724 sibi
482 659 717 724 succedentibus
738 665 852 723 tantum
877 658 949 721 dent
974 657 1134 722 numularii
1156 659 1194 722 de
1210 678 1286 722 nora

82 773 209 832 moneta
237 785 292 850 pro
322 772 463 850 argento,
491 767 572 851 quod
599 767 731 831 sufficiat
755 766 867 850 populo
892 766 935 830 ibi
962 768 1166 838 conversanti,
1194 769 1225 828 et
1246 785 1286 829 no

82 876 220 959 populus
235 874 279 937 ibi
294 874 433 939 habitans
451 874 488 938 ab
513 875 557 938 eis
579 876 609 936 in
633 874 732 958 aliquo
751 880 904 958 gravetur,
927 874 1026 938 dictus
1044 877 1153 958 frater
1183 873 1287 938 ibeo-

84 984 219 1048 doricus
234 981 284 1046 vel
301 984 473 1067 quicunque
489 982 636 1063 magister
657 982 687 1044 in
703 982 771 1046 loco
789 981 856 1063 ejus
869 983 972 1053 fuerit,
1000 1001 1056 1064 pro
1083 984 1209 1063 argento
1230 978 1284 1044 illo

83 1091 180 1156 dictis
194 1090 369 1154 numulariis
385 1089 574 1161 satisfacere,
593 1094 623 1153 et
642 1089 830 1172 respondere
846 1092 995 1161 teneatur,
1023 1108 1059 1151 eo
1077 1089 1156 1171 quod
1173 1087 1234 1171 ipsi
1254 1088 1286 1150 in

84 1199 219 1264 confinio
234 1197 288 1262 illo
305 1201 445 1280 tauquam
460 1169 578 1261 udrella
595 1197 743 1280 plantario
760 1202 830 1260 suut
845 1196 948 1279 positi,
972 1201 1002 1260 et
1014 1195 1151 1260 assiduos
1172 1194 1285 1259 Como-

83 1329 202 1372 nornm
218 1307 368 1391 patientes
384 1305 522 1377 insultus,
547 1325 582 1368 se
606 1326 660 1389 pro
684 1325 780 1387 regno
806 1310 955 1388 tamquam
973 1304 1091 1367 firmum
1107 1321 1285 1388 propugna-

86 1417 191 1480 culum
210 1414 249 1478 de
266 1414 316 1477 die
331 1413 362 1475 in
384 1411 464 1475 diem
484 1413 574 1475 morti
597 1432 752 1496 opponere
774 1433 834 1475 non
856 1413 1029 1476 formident.
1053 1412 1093 1475 ut
1115 1416 1148 1475 ut
1163 1409 1243 1474 istud
1254 1409 1283 1496 ¹)

84 1528 197 1597 ratum,
216 1527 247 1586 et
262 1521 379 1584 firmum
393 1525 579 1603 permaneat,
607 1525 778 1604 presentem
795 1520 935 1604 paginam
958 1520 1016 1583 sibi
1030 1519 1175 1603 jussimus
1192 1517 1286 1600 sigilli

85 1632 188 1694 nostri
205 1630 382 1693 charactere
394 1629 544 1709 insigniri.
568 1629 675 1692 Datum
691 1649 748 1711 per
770 1649 875 1692 manus
897 1629 1023 1704 Home,
1047 1626 1187 1691 Albensis
1210 1645 1284 1708 pre·

88 1739 204 1822 positi,
221 1741 252 1800 et
269 1737 361 1800 totius
389 1736 542 1818 Hungarie
563 1737 753 1808 cancellarii,
778 1757 855 1799 anno
880 1735 916 1799 ab
942 1737 1149 1800 incarnatione
1163 1733 1282 1797 Domini

86 1843 239 1908 Mccxu.
265 1842 437 1908 Venerabili
462 1845 578 1909 Joanne
602 1844 809 1926 strigoniensi
837 1844 1084 1928 archiepiscopo,
1114 1840 1284 1906 reverendo

86 1951 256 2016 Bertholdo
309 1949 469 2015 Colooensi
522 1951 768 2035 archiepiscopo,
814 1958 844 2016 et
881 1951 1027 2032 wajwoda
1076 1948 1287 2014 existentibus.

85 2057 203 2122 Calano
229 2056 569 2143 Quinqueecclesiensi,
594 2058 747 2143 Catapano
764 2061 921 2141 Agriensl,
948 2060 1112 2126 Wtbclmo
1131 2059 1286 2142 Trumpl-

83 2187 184 2241 ¹varro,
201 2167 332 2231 Roberto
353 2167 593 2251 Wesprimieusi,
608 2167 757 2231 ecclesias
774 2167 907 2233 feliciter
923 2166 1171 2249 gubernantibus.
1186 2167 1285 2229 Banco

85 2275 239 2358 palatino,
269 2280 300 2338 et
331 2275 510 2340 Posoniensi
537 2275 664 2347 comite,
700 2275 828 2339 ldartino
860 2275 938 2339 bano
971 2275 1178 2340 existentibus.
1217 2272 1287 2335 dola

90 2382 266 2459 Bachiensi,
295 2387 326 2445 et
342 2383 447 2446 curiali
465 2383 587 2458 comite,
612 2384 732 2446 Andrea
750 2383 961 2464 Budrugiensi,
979 2382 1098 2447 Milone
1113 2382 1286 2445 bihoriensi

87 2489 262 2556 comitibus.
286 2491 384 2573 Regni
401 2491 497 2554 nostri
514 2510 589 2556 anno
607 2497 723 2555 octavo.
843 2486 847 2493 “

647 2621 729 2692 Xlll.

647 2740 726 2794 laus.

186 2831 369 2898 Witbctmus
381 2831 438 2894 Dei
454 2832 551 2915 gratia
564 2833 796 2898 Transsilvanus
813 2835 1145 2919 episcopus,unirersis
1158 2835 1195 2897 ad
1208 2853 1284 2917 quos

84 2941 179 3004 litere
207 2943 368 3023 presentes
402 2940 612 3024 pervenerint,
640 2940 767 3006 salutem
795 2945 825 3006 in
853 2963 926 3007 uero
946 2940 1089 3028 salutari.
1136 2941 1282 3024 Quoniam

85 3050 170 3114 viros
201 3047 364 3129 religiosos
396 3052 427 3111 et
458 3049 515 3112 soli
538 3050 602 3113 Deo
634 3049 799 3115 militantes
819 3051 851 3114 in
874 3051 1013 3136 amplexu
1037 3050 1182 3123 caritatis,
1205 3050 1285 3113 sicut

84 3159 198 3220 iustum
215 3161 264 3220 est
280 3160 310 3219 et
325 3156 495 3231 honestum,
502 3177 613 3241 regere
625 3157 761 3223 volumus
777 3166 808 3223 et
824 3161 943 3232 fovere;
961 3159 1029 3223 ideo
1046 3159 1134 3222 iustis
1150 3157 1284 3240 postula-

84 3264 221 3328 tionibus
230 3267 372 3348 fratrum
387 3265 560 3351 hospitalis
572 3267 605 3331 S.
615 3267 721 3333 Maria
736 3268 770 3332 in
782 3269 962 3332 Jerusalem
974 3268 1014 3330 dc
1029 3268 1119 3330 domo
1134 3266 1282 3331 Teutoni·

85 3394 195 3438 corum
219 3377 396 3444 annuentes,
413 3373 442 3435 in
459 3380 552 3445 terra,
576 3394 653 3458 quae
669 3376 776 3439 Borea
795 3379 993 3458 nuncupatur,
1010 3394 1096 3459 quam
1112 3393 1235 3438 vacuam
1253 3379 1284 3436 et
1394 3415 1398 3420 -

83 3479 283 3543 inhabitatam
303 3499 340 3542 ex
366 3480 451 3561 regia
476 3481 647 3554 donatione,
668 3481 726 3545 imo
751 3483 851 3567 potius
873 3483 995 3567 proprio
1020 3483 1164 3564 sangvine
1181 3480 1283 3565 adepti

83 3591 167 3660 sunt,
190 3591 220 3649 et
236 3606 253 3648 a
270 3586 450 3670 quotidianis
478 3608 663 3672 paganorum
684 3590 850 3654 defendunt
880 3589 1062 3660 iucursibus,
1088 3609 1121 3653 se
1145 3589 1282 3654 omnibus

82 3693 231 3779 periculis
248 3693 461 3770 subiicientes,
490 3716 526 3760 ac
550 3698 700 3761 universis
730 3697 869 3779 ejusdem
896 3702 979 3761 terre
1007 3697 1124 3768 incolis,
1151 3716 1282 3781 presen-

82 3801 168 3865 tibus
186 3805 216 3865 et
232 3800 481 3872 futuris,liberam
498 3804 688 3888 percipiendi
705 3806 838 3870 decimas
856 3805 969 3870 eisdem
987 3804 1142 3878 fratribus,
1156 3805 1195 3868 de
1208 3825 1283 3870 con-

82 3931 178 3974 sensu
193 3908 316 3992 capituli
333 3909 437 3982 nostri,
456 3911 663 3977 concessimus
681 3914 866 3985 facultatem,
884 3934 919 3977 eo
936 3917 1035 3976 tamen
1052 3917 1186 3996 excepto,
1203 3913 1284 3999 quod

82 4019 110 4080 si
128 4017 289 4098 ilungaros
316 4015 365 4082 vel
394 4017 514 4083 Siculos
538 4021 575 4083 ad
600 4021 711 4085 dictam
728 4025 840 4084 terram
856 4020 988 4083 transire
1005 4022 1176 4104 contigerit,
1194 4021 1281 4085 nobis

83 4130 115 4189 et
138 4123 274 4189 ecclesie
302 4127 406 4188 nostre
433 4126 464 4188 in
489 4128 614 4193 decimis
640 4134 800 4194 teneantur
838 4130 1037 4214 respondere.
1074 4129 1282 4194 institutiones

82 4233 174 4296 etiam
191 4231 383 4297 sacerdotum
401 4233 432 4295 in
449 4235 595 4299 ecclesiis
616 4237 647 4300 in
676 4238 781 4301 eadem
803 4243 885 4302 terra
914 4237 1093 4302 edificandis
1119 4240 1280 4318 presenta-

79 4339 163 4404 tione
172 4343 273 4402 tamen
281 4338 419 4423 eorumt)
430 4340 633 4407 Ultrasilvano
643 4342 944 4428 episcopofacienda,
954 4343 1259 4409 liberecoucedentes
1266 4366 1276 4417 ;

111 4516 136 4574 1)
156 4518 185 4562 Ut
203 4519 237 4561 eis
253 4517 318 4562 illud.
337 4519 351 4564 l.
365 4531 385 4564 c.

114 4597 140 4658 ἲ)
160 4598 245 4643 Coram
260 4599 310 4657 Fej.
