3150 5092
561 334 664 405 223

557 529 915 593 permanere
948 510 1269 574 sancimus.
1303 508 1395 571 Ad
1427 509 1545 572 hec
1582 527 1717 571 cum
1752 507 1963 571 eadem
1996 511 2155 571 terra
2180 505 2510 571 secundum
2543 503 2959 586 indulgentias

553 616 707 700 ipsis
741 617 1034 680 fratribus
1085 617 1159 680 ab
1204 614 1464 699 apostoli
1513 614 1665 678 sede
1716 632 2047 678 concessas
2091 613 2315 677 nullum
2360 616 2566 695 preter
2621 612 2955 674 Romanum

561 723 908 807 pontificem
968 725 1230 788 habeant
1305 725 1658 808 episcopum
1727 722 1824 787 vel
1889 722 2182 804 prelatum
2261 720 2595 785 districtius
2682 719 2957 783 duximus

554 831 959 907 inhibendum,
1005 852 1080 894 ne
1124 831 1259 915 quis
1304 830 1801 913 archiepiscopus
1844 829 1905 891 in
1949 834 2174 892 terram
2199 830 2388 912 ipsam
2422 826 2517 892 vel
2551 827 2779 890 incolas
2813 827 2951 889 eius

552 941 858 1004 interdicti
913 939 1012 1004 vel
1056 939 1689 1003 excommunicationis
1737 938 2099 1002 sententiam
2129 939 2266 1000 sine
2297 935 2554 1020 speciali
2586 934 2950 999 auctoritate

551 1045 811 1131 apostoli
866 1048 1035 1111 sedis
1094 1046 1483 1131 promulgare
1549 1049 1888 1128 presumat,
1953 1045 2046 1109 vel
2085 1043 2572 1126 jurisdictionem
2616 1041 2953 1127 quamlibet

559 1173 851 1218 exercere
875 1201 892 1226 ,
969 1155 1080 1218 sed
1154 1152 1751 1238 archipresbyterum
1825 1172 2001 1235 quem
2063 1173 2174 1235 per
2235 1150 2642 1216 venerabilem
2698 1151 2958 1213 fratrem

555 1267 825 1326 nostrum
860 1261 1342 1344 strigoniensem
1390 1260 1944 1344 archiepiscopum,
2001 1265 2143 1325 tunc
2192 1259 2543 1342 episcopum
2575 1259 2960 1339 Agriensem,

557 1370 767 1452 prefici
797 1369 1050 1433 fecimus
1081 1370 1201 1452 ipsi
1239 1373 1438 1440 terre,
1487 1368 1710 1431 habeat
1742 1369 1941 1433 clerus
1990 1368 2258 1431 eiusdem
2300 1365 2678 1451 populusque
2739 1385 2958 1430 recur-

553 1500 677 1548 sus.
713 1496 826 1560 quo
860 1477 1275 1561 questionibus
1310 1476 1764 1558 emergentibus
1796 1478 1954 1540 inter
1986 1497 2094 1541 eos
2128 1477 2258 1540 aliis
2292 1474 2586 1548 articulis,
2622 1475 2722 1558 qui
2740 1474 2952 1538 eccle-

553 1584 645 1648 sie
709 1583 1126 1648 auctoritatem
1188 1582 1746 1648 iurisdictionemve
1807 1583 2155 1668 requirunt,
2212 1589 2275 1647 et
2316 1589 2571 1668 possunt
2614 1601 2728 1665 per
2772 1581 2958 1644 alium

557 1712 733 1776 quarn
764 1691 1118 1773 episcopum
1151 1689 1444 1773 expediri,
1492 1711 1564 1753 ea
1594 1711 1763 1764 vero,
1809 1709 1927 1774 que
1970 1690 2319 1754 desiderant
2348 1688 2711 1773 pontificalis
2745 1688 2956 1769 digni-

549 1800 689 1860 tatis
733 1796 1016 1869 officium,
1066 1802 1133 1860 ut
1173 1803 1314 1881 puta
1349 1799 1590 1870 crisma,
1638 1798 1835 1862 oleum
1884 1801 2180 1871 sanctum,
2226 1798 2635 1864 ordinationes
2682 1797 2951 1860 clerico-

557 1924 685 1968 rum
721 1908 780 1968 et
812 1905 1308 1968 consecrationes
1341 1905 1739 1969 ecclesiarum
1772 1925 1881 1969 seu
1935 1905 2226 1981 altarium,
2271 1927 2304 1969 a
2350 1925 2709 1990 quocunque
2754 1904 2951 1967 malu-

553 2012 729 2084 erint,
762 2013 1074 2094 recipietis
1095 2011 1524 2098 coepiscopo,
1559 2013 1634 2076 ab
1660 2013 1991 2095 apostolica
2017 2013 2167 2078 sede
2200 2014 2676 2078 communionem
2711 2015 2775 2075 et
2799 2031 2948 2092 gra-

553 2124 697 2184 tiam
745 2120 1077 2195 obtinente,
1123 2140 1435 2205 quousque
1479 2121 1669 2205 ipsius
1715 2126 1882 2186 terre
1927 2123 2186 2207 populus
2232 2123 2431 2187 divina
2475 2123 2719 2187 favente
2743 2123 2948 2202 gratia

557 2231 645 2292 sin
697 2231 879 2292 fuerit
941 2234 1388 2313 augmentatuS,
1447 2234 1511 2293 ut
1567 2230 1818 2312 dignum
1852 2232 1932 2294 sit
1963 2233 2021 2295 ei
2059 2231 2367 2315 proprium
2412 2233 2772 2314 episcopum
2806 2250 2951 2312 pro-

553 2336 760 2400 videri.
813 2335 1078 2422 Ideoque
1113 2338 1548 2402 fraternitatem
1566 2344 1828 2404 vestram
1860 2338 2280 2403 solicitandam
2306 2339 2575 2403 duximus
2608 2344 2670 2400 et
2696 2357 2953 2401 monen-

553 2444 685 2508 dam
721 2464 828 2528 per
861 2445 1197 2528 apostolica
1235 2446 1406 2511 vobis
1453 2448 1679 2531 scripta
1713 2447 2086 2520 mandantes,
2146 2452 2439 2532 quatenus
2473 2435 2669 2511 dictos
2714 2448 2942 2510 fratres

537 2552 629 2616 vel
677 2553 866 2636 ipsius
919 2558 1087 2618 terre
1146 2555 1377 2618 incolas
1429 2560 1638 2619 contra
1682 2560 1890 2619 nostre
1939 2555 2385 2620 constitutionis
2444 2559 2505 2619 et
2544 2555 2935 2621 inhibitionis

541 2672 810 2724 tenna-em
867 2663 1207 2727 nullatenus
1253 2661 1610 2736 molestetiS,
1672 2666 1816 2749 quin
1860 2663 1980 2727 imo
2035 2665 2204 2746 ipsos
2254 2664 2553 2728 habentes
2586 2664 2940 2747 specialiter

541 2788 649 2852 pra
717 2769 879 2832 sedis
942 2771 1282 2854 apostolice
1335 2773 1676 2837 reverentia
1721 2774 2083 2856 propensius
2133 2774 2598 2847 commendatos,
2653 2790 2789 2836 cum
2823 2791 2936 2854 pro

537 2876 896 2940 marinorum
935 2876 1412 2941 ordinationibus
1458 2883 1521 2940 et
1560 2879 1731 2950 aliis,
1786 2898 1905 2963 que
1954 2879 2028 2942 ad
2076 2878 2420 2962 pontificale
2464 2882 2748 2962 spectant
2792 2878 2934 2942 offi-

541 2984 717 3052 cium,
750 2982 824 3044 ab
860 2985 949 3046 eis
982 2986 1262 3067 requisiti
1295 2985 1555 3058 fueritis,
1591 2985 1854 3067 benigne
1886 2987 2155 3070 ipsorum
2199 2987 2376 3051 iustis
2421 2985 2935 3069 postulationibus

541 3091 835 3166 annuatis,
862 3094 927 3153 ut
959 3096 1020 3154 et
1049 3093 1169 3174 ipsi
1198 3094 1437 3175 possint
1467 3094 1543 3155 de
1577 3095 1731 3158 bono
1764 3095 1828 3156 in
1853 3094 2067 3157 melius
2094 3095 2303 3160 favore
2335 3099 2539 3157 vestro
2566 3093 2757 3175 adjuti
2788 3114 2936 3176 pro-

537 3196 721 3260 finere
767 3216 998 3279 nosque
1047 3201 1357 3264 caritatem
1400 3204 1664 3265 vestram
1720 3200 2046 3265 debeamus
2090 3202 2152 3263 in
2200 3201 2434 3265 domino
2484 3200 2932 3264 commendare.

537 3304 673 3368 Dat.
725 3304 1028 3370 Laterani.
1088 3306 1174 3371 lta
1225 3309 1526 3373 invenitur
1570 3310 1631 3371 in
1665 3314 1947 3391 regestro
2001 3309 2073 3371 D.
2130 3309 2375 3373 Honorii
2417 3329 2574 3392 pape
2615 3308 2709 3373 111.
2774 3328 2929 3373 anno

541 3411 745 3476 vulva
785 3412 1098 3477 MartinuS.

1594 3600 1869 3671 lililslll.

1659 3736 1819 3788 1224.

717 3844 781 3904 ln
831 3842 1066 3905 nomine
1115 3845 1323 3906 sancte
1369 3843 1652 3908 trinitatis
1713 3849 1777 3907 et
1833 3844 2142 3908 individue
2190 3843 2448 3908 vnitatiS.
2495 3844 2774 3908 Andreas
2833 3847 2934 3910 dei

541 3952 749 4028 gracia
799 3948 1124 4028 Hungarie,
1167 3949 1499 4022 Dalmacie,
1548 3950 1826 4023 Croacie,
1874 3953 2077 4023 Rame,
2127 3952 2368 4024 Seruie,
2416 3951 2694 4025 Gallicie,
2728 3953 2937 4019 Ledo-

541 4060 851 4138 mariaque
894 4077 999 4119 rex
1049 4058 1112 4119 in
1168 4060 1542 4141 perpetuum.
1606 4059 1781 4123 Sicut
1811 4061 1887 4124 ad
1919 4060 2191 4141 regalem
2237 4061 2504 4143 pertinet
2549 4061 2933 4141 dignitatem,

545 4162 942 4244 superborum
977 4166 1409 4229 contumaciam
1443 4171 1723 4248 potenter
1756 4169 2122 4252 opprimere,
2154 4169 2242 4232 sic
2276 4169 2465 4232 eciam
2499 4170 2729 4250 regiam
2759 4169 2939 4236 decet

541 4272 1001 4352 benignitatem,
1070 4274 1498 4358 oppressiones
1563 4275 1873 4339 humilium
1950 4277 2430 4340 misericorditer
2490 4276 2813 4342 subleuare
2880 4285 2941 4342 et

537 4376 798 4440 fidelium
863 4379 1064 4443 metiri
1109 4381 1454 4444 famulatum
1519 4387 1585 4446 et
1646 4384 1969 4467 unicuique
2014 4385 2343 4448 secundum
2412 4386 2658 4467 propria
2722 4388 2936 4450 merita

541 4484 961 4556 retribucionis
1006 4489 1271 4571 graciam
1318 4490 1636 4574 impertiri.
1698 4491 2077 4558 Accedentes
2137 4493 2322 4573 igitur
2380 4491 2593 4561 fideles
2650 4493 2937 4580 hospites

3141 2258 3146 2346 1
