3150 5092
333 377 384 448 84

331 548 460 616 relicere
488 549 648 623 donatiuis,
671 551 741 615 binc
762 554 811 614 est
825 552 928 634 igitur,
952 553 1031 634 quod
1048 553 1085 616 ad
1105 554 1310 616 universorum
1327 554 1524 636 presencium

330 664 577 744 posterorumque
594 660 733 724 noticiam
750 659 853 723 harum
869 659 951 723 serie
966 660 1102 724 volumus
1122 661 1292 744 pervenire,
1310 661 1392 745 quod
1414 661 1523 724 fideles
1566 688 1567 743 ᾗ

329 767 464 851 hospites
491 770 587 832 nostri
608 769 646 832 de
668 769 787 854 ancb
811 770 849 833 ad
876 790 931 833 nos
952 769 1144 838 accedentes,
1168 769 1254 833 nobis
1271 770 1392 833 litteras
1416 771 1523 835 dilecti
1566 766 1567 841 l

330 876 428 942 tidelis
457 879 551 942 nostri
577 877 747 954 Laurentii,
775 879 901 943 condam
927 878 1083 962 wapwode
1104 878 1325 950 Transsilvani,
1349 883 1382 942 et
1398 881 1521 943 comitis

330 985 369 1050 de
386 985 544 1064 Wolhow,
573 1007 651 1050 nunc
678 988 814 1068 magistri
841 988 1061 1052 tavernicorum
1090 994 1259 1052 nostrorum
1285 996 1516 1071 presentarunt,

329 1097 468 1180 petentes
496 1115 512 1158 a
535 1094 620 1159 nobis
636 1093 796 1166 humiliter,
821 1103 855 1159 ut
875 1095 1042 1160 libertatem
1066 1116 1102 1159 ae
1119 1096 1365 1160 consuetudinem
1384 1098 1520 1180 ipsorum

329 1203 359 1267 in
377 1202 492 1267 eisdem
509 1202 604 1268 literis
622 1209 802 1275 contentam,
819 1203 856 1267 ab
873 1205 980 1269 eodem
996 1205 1156 1270 Laurentio
1172 1211 1308 1290 tempore
1329 1207 1378 1270 sui
1407 1207 1519 1270 wairn-

330 1312 417 1378 datus
433 1312 596 1377 ordinatam
615 1320 718 1378 nostro
739 1313 903 1398 privilegio
920 1314 1096 1378 conlirmaie
1113 1315 1315 1397 dignaremur.
1336 1314 1404 1378 Nos
1422 1316 1518 1401 siqni-

330 1417 398 1484 dem
419 1421 560 1506 precibus
580 1422 712 1506 ipsorum
738 1422 871 1487 inclinati
894 1424 1105 1487 continentiam
1127 1423 1328 1506 predictarum
1345 1423 1515 1495 literarum,

330 1527 369 1593 de
385 1530 478 1595 verbo
495 1531 532 1595 ad
549 1532 672 1594 verbum
689 1529 819 1596 rescribi
837 1532 983 1596 iacientes
997 1531 1054 1614 hijs
1072 1532 1206 1597 duximus
1218 1532 1436 1597 advocandam.
1454 1533 1518 1615 Que

329 1640 399 1707 talis
417 1646 473 1704 est.
490 1639 551 1703 Nos
568 1639 748 1704 Laurentius
765 1645 824 1704 ete.
841 1639 944 1727 (siebe
960 1641 1103 1706 Urlrundc
1118 1641 1171 1704 Nr.
1188 1641 1289 1712 LXVI,
1310 1637 1430 1724 1248).

420 1749 481 1813 Nos
496 1769 567 1812 vero
581 1749 747 1834 predictam
763 1749 931 1813 libertatem
945 1770 1001 1832 per
1017 1752 1134 1832 singula
1161 1750 1363 1835 approbantes
1380 1752 1515 1835 presenti

328 1857 489 1943 privilegio
511 1863 613 1923 nostro
631 1859 765 1922 duximus
785 1858 1025 1931 confirmandam,
1047 1865 1078 1922 et
1098 1866 1131 1924 ut
1153 1859 1245 1941 ijdem
1269 1859 1407 1943 hospites
1423 1859 1518 1923 nostri

330 1967 369 2032 de
398 1971 500 2031 cetero
528 1973 754 2049 congregentur
776 1974 807 2031 et
834 1969 1012 2050 congregati
1034 1968 1152 2032 facilius
1177 1974 1400 2032 commorentur
1415 1987 1517 2031 omnes

329 2083 426 2142 terras
443 2076 576 2160 ipsorum
593 2075 713 2140 scilieet
728 2085 837 2140 terram
858 2076 963 2150 Vubul,
989 2080 1056 2142 sine
1083 2077 1196 2141 herede
1212 2077 1400 2148 decedentis,
1423 2076 1518 2141 ldarie

330 2185 508 2268 Magdalene
539 2205 598 2270 que
626 2185 833 2271 Teluhwynch
860 2185 980 2259 dicitur,
1009 2194 1039 2252 et
1061 2193 1171 2251 terram
1195 2186 1257 2250 Pad
1274 2187 1466 2258 Saxonicam,
1489 2193 1517 2249 et

329 2294 390 2357 Pad
408 2293 619 2376 ilungaricam,
636 2315 732 2379 usque
749 2297 786 2360 ad
798 2300 909 2359 terram
925 2295 1049 2380 capituli
1065 2296 1204 2360 Albensis
1222 2295 1260 2359 de
1286 2300 1372 2379 parte
1388 2295 1515 2359 Pohlus·

329 2403 429 2487 patah,
447 2409 551 2486 preter
565 2407 677 2468 terram
699 2404 815 2468 abbatis
839 2404 877 2469 de
898 2406 1044 2478 Bezered,
1061 2425 1130 2469 eum
1146 2405 1243 2476 silvis,
1261 2407 1356 2490 aquis,
1373 2405 1470 2488 pratis
1486 2410 1516 2467 et

330 2511 517 2576 sessionibus
548 2511 684 2576 villarum
712 2533 890 2598 quocunque
914 2515 1031 2577 nomine
1059 2519 1232 2584 censentur,
1250 2535 1308 2599 que
1325 2515 1404 2577 inira
1421 2513 1515 2577 dictas

330 2624 428 2683 terras
443 2618 634 2685 includuntur
650 2641 724 2705 quas
741 2621 777 2684 ab
795 2624 915 2705 antiquo
932 2643 1027 2708 usque
1054 2623 1090 2686 ad
1113 2623 1172 2686 bec
1188 2629 1330 2706 tempora,
1352 2624 1422 2707 ipso
1438 2623 1514 2686 Lau·

328 2731 427 2794 rentio
456 2730 597 2812 magistro
625 2735 778 2814 presente,
805 2753 840 2794 se
862 2733 997 2795 tenuisse
1020 2736 1233 2803 asseruerunt,
1254 2730 1380 2815 pacifice
1397 2732 1511 2795 eisdem

331 2838 497 2902 dimisimus
525 2839 739 2923 possidendas,
762 2844 927 2904 statuentes
949 2843 1096 2924 premissa
1118 2862 1174 2927 per
1194 2840 1289 2904 banos
1314 2847 1437 2904 nostros
1458 2859 1512 2924 pro

328 2954 465 3032 tempore
482 2949 661 3014 constitutos
677 2949 889 3013 inviolabiliter
906 2957 936 3013 et
952 2951 1189 3014 misericorditer
1204 2951 1358 3014 observari
1383 2949 1427 3013 nil
1442 2952 1515 3014 ultra

329 3056 501 3122 libertatem
517 3059 651 3142 ipsorum
668 3061 848 3142 attemptari.
867 3059 904 3122 Et
919 3066 951 3124 ut
967 3060 1025 3124 hec
1041 3058 1164 3122 libertas
1182 3059 1346 3124 eorundem
1367 3065 1513 3145 perpetuo

328 3171 515 3250 perseveret,
540 3186 597 3231 nec
624 3186 680 3250 per
704 3168 871 3251 quempiam
900 3167 998 3232 valeat
1024 3169 1176 3240 revocari,
1209 3172 1368 3251 presentes
1400 3157 1513 3233 eisdem

329 3275 497 3359 hospitibus
514 3274 625 3338 nostris
642 3276 680 3339 de
696 3276 819 3361 Wynch
830 3279 1035 3342 concessimus
1053 3278 1153 3341 literas
1170 3277 1299 3360 duplicis
1310 3277 1405 3360 sigilli
1423 3277 1512 3341 nostri

329 3382 489 3446 munimine
514 3382 686 3474 roboratas,
715 3385 822 3448 Datum
849 3405 905 3469 per
932 3406 1037 3450 manus
1061 3385 1196 3467 magistri
1223 3385 1418 3458 Lodomerii,
1450 3385 1512 3449 aule

330 3496 434 3555 nostre
450 3491 701 3563 vicecancellarii,
718 3491 820 3556 dilecti
839 3498 869 3556 et
885 3492 983 3557 tidelis
1000 3493 1104 3566 nostri,
1122 3512 1200 3557 anno
1216 3492 1327 3556 domini
1340 3493 1423 3558 MCC
1431 3513 1512 3557 sexa·

329 3601 444 3684 gesimo
461 3602 573 3687 quinto.

838 3789 1002 3860 LXXXVl.

886 3927 965 3981 1266.

420 4033 589 4117 Stephanus
607 4034 662 4097 Dei
685 4035 793 4117 gratia
812 4037 912 4118 junior
933 4057 986 4100 rex
1001 4037 1143 4118 Ungarie,
1167 4038 1224 4100 dux
1239 4035 1468 4119 Transylvanie,
1483 4042 1510 4099 et

209 4216 212 4222 ,
331 4139 466 4204 dominus
484 4130 691 4206 cumanorum.
717 4142 860 4209 Omnibus
878 4166 1005 4229 presens
1022 4148 1166 4230 scriptum
1189 4145 1373 4230 inspecturis
1390 4147 1510 4210 salutem

329 4249 360 4311 in
387 4251 515 4313 omnium
549 4250 705 4314 salvatore.
747 4252 828 4317 Inter
860 4261 979 4318 ceteras
996 4254 1034 4317 do
1050 4300 1167 4322 ......
1196 4259 1368 4317 ornamenta
1400 4254 1509 4338 regalia

329 4356 466 4420 thronum
492 4359 616 4422 decorat
632 4359 777 4440 regalem,
805 4363 903 4426 nutrix
924 4365 1065 4427 virtutum
1089 4363 1195 4446 pietas,
1218 4362 1384 4447 prudenter
1399 4365 1511 4428 intuens
1568 4336 1569 4385 i

330 4472 361 4527 et
383 4468 433 4548 pie
450 4465 608 4531 sublevans
624 4470 739 4551 inopias
757 4490 988 4553 oppressorum,
1005 4473 1075 4557 quia
1092 4472 1159 4535 dum
1181 4473 1354 4554 provisione
1376 4472 1510 4536 medem·
1567 4389 1569 4546 i

329 4572 419 4636 tionis
443 4577 555 4656 regalis
575 4596 678 4641 eorum
695 4580 882 4644 excutiuntur
910 4581 1046 4653 servitia,
1079 4585 1207 4663 augetur
1230 4600 1389 4654 numerus,
1427 4577 1510 4646 etad
1568 4578 1569 4635 ἒ

1566 4655 1569 4770 l
