3150 5092
270 329 325 408 at

268 499 335 562 tulit
351 497 406 562 tibi
423 499 522 562 divine
538 499 721 562 immensitas
738 498 899 579 largitatis.
924 519 982 560 non
1003 517 1112 579 magua
1135 497 1299 580 reputabis,
1328 516 1387 581 que
1409 496 1462 577 pie

268 628 323 691 pro
352 607 416 670 eius
434 607 546 671 honore
571 613 601 670 et
617 627 718 670 amore
734 606 854 677 dedisti.
873 606 928 670 sed
944 607 1044 689 potius
1061 604 1226 686 cogitabis.
1259 611 1289 665 te
1311 622 1463 686 uunquam

267 734 361 798 posse
393 714 483 797 digna
516 716 580 778 Deo
612 713 781 810 retribuere
805 735 859 797 pro
882 713 1030 786 omnibus,
1065 733 1124 796 que
1147 711 1286 779 retribuit
1307 712 1375 794 ipse
1393 710 1463 782 tibi,

269 820 419 904 cogitabis
450 828 481 884 ot
512 823 582 906 quia
613 840 702 904 quum
726 821 872 904 scriptum
900 822 958 886 sit:
991 820 1070 905 quod
1098 840 1151 884 sua
1180 819 1339 885 defunctos
1366 838 1462 899 opera

268 929 506 1012 subsequentum
534 930 670 1002 casola,
693 949 752 1013 que
773 928 902 992 Domino
927 925 1050 994 dede'ris
1074 926 1129 990 tibi
1145 935 1214 1011 post
1230 929 1291 990 vite
1306 926 1463 1008 presentis
1544 987 1550 997 ,

182 1107 185 1112 ,
268 1037 376 1100 exitum
394 1035 609 1109 remanebunt3
632 1041 664 1099 et
687 1038 732 1101 sic
749 1057 807 1100 non
824 1035 979 1108 studebis,
1003 1035 1143 1118 quelled
1166 1035 1288 1106 dedisti.
1315 1033 1463 1105 minuere,

267 1145 321 1207 sed
335 1162 448 1224 augere
465 1162 500 1206 ac
517 1143 602 1226 sequi
619 1141 785 1207 doctrinam
809 1143 1012 1223 evangelicam
1034 1143 1276 1221 suadentem‚'ut
1291 1140 1416 1204 studeas
1432 1141 1464 1209 lo

268 1250 353 1314 coelo
370 1249 423 1313 tibi
439 1251 646 1314 thesaurizare
663 1251 833 1323 thesauros.
851 1251 901 1314 ubi
918 1271 975 1314 nec
1000 1271 1104 1332 erugo,
1119 1271 1175 1314 nec
1191 1250 1271 1315 tinea
1291 1247 1463 1318 demolitur,

268 1365 298 1422 et
316 1358 366 1421 ubi
389 1360 470 1422 tures
492 1378 550 1421 non
566 1358 722 1431 effodiunt,
745 1359 960 1423 necfurantur.
985 1358 1133 1440 Rogamus
1155 1360 1247 1439 igitur
1269 1358 1463 1421 serenitatem

266 1472 358 1542 tuam,
375 1486 528 1530 monemus
546 1470 576 1530 et
596 1467 791 1531 obsecramus
807 1469 837 1529 in
854 1466 974 1530 domine
987 1465 1062 1530 Jesu
1079 1467 1216 1538 Christo,
1241 1470 1390 1551 qnatenus
1405 1465 1466 1531 boc

268 1575 432 1657 prudenter
448 1575 605 1638 attendens
618 1580 649 1638 et
664 1576 797 1658 prelatas
814 1575 919 1650 literas
935 1583 1053 1648 nostras
1073 1576 1236 1638 secundum
1249 1594 1352 1636 sanum
1373 1571 1464 1634 intel·
1574 1658 1575 1663 η

268 1680 390 1752 lectum.
405 1683 547 1763 superius
561 1703 746 1764 expressum,
759 1684 924 1766 accipiens,
939 1683 1035 1747 dictos
1048 1684 1159 1746 fratres
1172 1702 1265 1764 super
1275 1687 1366 1748 terra,
1381 1681 1433 1761 pie
1447 1700 1464 1740 a

268 1792 298 1849 te
319 1789 376 1852 sibi
389 1788 507 1860 donata,
525 1788 563 1851 de
591 1795 694 1851 cetero
716 1809 773 1854 nou
797 1790 955 1862 molestes;
978 1791 1114 1854 sedeam
1132 1789 1259 1873 pacifice
1281 1787 1341 1851 sibi
1358 1786 1464 1851 dimit·

197 1889 200 1896 ’
269 1902 347 1968 teus,
365 1896 529 1960 secundum
542 1895 652 1958 limites
670 1899 698 1960 in
715 1897 874 1980 privilegio
886 1903 938 1963 tue
950 1898 1118 1963 donationis
1134 1916 1307 1980 expressos,
1325 1895 1465 1978 predicto
1573 1960 1575 1971 γ

269 2010 368 2066 castro
386 2004 431 2066 eis
444 2002 539 2066 libere
556 2005 704 2075 restituto,
714 2010 743 2066 et
756 2006 947 2073 satisfaciens
959 2025 994 2068 ac
1007 2005 1148 2069 satisfieri
1159 2005 1275 2069 faciens
1292 2004 1331 2066 de
1348 2001 1465 2077 damnis

269 2116 300 2175 et
312 2112 428 2184 iniuriis
441 2132 496 2195 per
509 2118 540 2174 te
554 2132 588 2176 ac
601 2118 669 2176 tuos
683 2113 798 2177 eisdem
810 2113 954 2176 hactenus
967 2114 1129 2193 irrogatis;
1147 2115 1192 2176 sic
1209 2119 1334 2184 costum
1351 2111 1383 2172 iu
1398 2109 1467 2172 aliis

269 2220 391 2285 iustitiis
404 2220 478 2290 suis,
491 2224 552 2282 tum
569 2219 742 2304 specialiter·
759 2221 789 2281 in
809 2225 892 2283 terra
905 2220 1039 2302 predicta
1058 2219 1172 2301 regalis
1187 2219 1321 2302 potentie
1338 2217 1466 2282 brachio

269 2334 413 2411 protegas
427 2332 458 2388 et
469 2325 627 2398 delendas,
640 2326 720 2410 quod
737 2329 867 2409 interra
882 2328 1046 2391 viventium
1062 2332 1177 2409 gratam
1193 2328 1333 2408 recipere
1350 2324 1467 2388 debeas

268 2434 495 2499 retributionem
524 2455 539 2498 a
569 2435 652 2506 Deo,
683 2435 734 2516 qui
761 2455 818 2497 nec
842 2434 950 2498 bonum
978 2435 1242 2513 irremuneratum,
1270 2453 1327 2496 nec
1356 2431 1466 2495 malum

270 2541 390 2626 aliquod
413 2541 527 2605 deserit
542 2543 727 2626 impunitum.
744 2542 838 2606 Porro
854 2544 880 2604 si
896 2564 998 2608 verum
1015 2548 1079 2618 est,
1103 2544 1200 2617 dictos
1218 2544 1330 2606 fratres
1346 2541 1463 2625 aliquas

269 2653 480 2735 possessiones
501 2655 568 2713 tuas
590 2656 673 2738 extra
692 2668 857 2714 concessos
880 2652 939 2716 sibi
954 2653 1099 2715 terminos
1122 2670 1300 2735 occupasse,
1325 2649 1464 2714 volumus

271 2758 350 2822 sicut
366 2762 397 2820 et
419 2758 463 2820 eis
485 2758 688 2821 mandavimus
716 2777 772 2840 per
800 2758 903 2822 literas
927 2760 1132 2842 supradictas,
1159 2768 1190 2823 vt
1217 2759 1272 2822 tibi
1301 2762 1465 2822 restituant

271 2865 370 2929 omnia
387 2886 445 2949 que
462 2872 545 2930 extra
562 2868 645 2948 ipsos
675 2866 819 2929 terminos
847 2876 992 2950 occupata
1020 2887 1090 2931 esse
1116 2867 1286 2946 constiterit
1308 2887 1366 2950 per
1394 2886 1463 2928 eos.-

271 2974 349 3037 dem.
376 2973 469 3044 Vnde,
484 2972 602 3037 dilectis
624 2972 693 3036 liliis
717 2974 830 3036 ...de
851 2973 1008 3038 Lineweld
1092 2976 1130 3037 de
1152 2975 1231 3057 Korn
1310 2974 1349 3039 de
1371 2974 1463 3054 Egris

270 3081 426 3145 abbatibus
454 3080 681 3159 Passaviensjs,
710 3082 922 3165 Ultrasylvane
945 3088 976 3146 et
999 3082 1199 3148 cenadiensis
1227 3083 1380 3147 dioecesis
1406 3102 1462 3164 per

270 3194 387 3252 nostras
416 3187 520 3252 damus
558 3189 664 3254 literas
698 3191 727 3252 in
757 3190 918 3262 mandatis,
960 3196 992 3252 vt
1019 3190 1056 3254 ad
1084 3191 1150 3254 loca
1171 3191 1238 3272 ipsa
1261 3189 1462 3273 personaliter

270 3295 451 3360 accedentes
478 3295 589 3358 limites
634 3298 664 3359 in
691 3296 808 3380 prefato
836 3297 994 3379 privilegio
1025 3303 1077 3361 tuo
1112 3319 1272 3381 expressos
1300 3297 1461 3380 inspiciant

270 3402 433 3483 diligenter
457 3408 488 3465 et
512 3405 541 3466 si·
559 3405 690 3468 viderint
713 3405 798 3486 ipsos
821 3407 932 3468 fratres
948 3405 1058 3488 aliquid
1075 3414 1159 3470 extra
1175 3405 1298 3470 eosdem
1314 3405 1461 3466 terminos

269 3516 385 3580 temere
414 3530 590 3592 occupasse,
615 3517 717 3575 nostra
741 3513 786 3574 eis
804 3512 983 3576 auctoritate
1002 3513 1168 3595 injungant.
1186 3518 1217 3575 vt
1233 3533 1267 3576 ea
1284 3512 1340 3575 tibi
1364 3512 1462 3587 libere

269 3617 430 3682 restituant
453 3621 518 3682 sine
547 3639 638 3694 mora,
667 3619 812 3703 quidquid
832 3620 1003 3684 invenerint
1025 3641 1117 3704 super
1132 3622 1291 3703 premissis
1312 3625 1343 3685 et
1371 3621 1458 3683 iece-

269 3725 330 3788 rint
350 3725 437 3791 nobis
459 3725 589 3806 fideliter
604 3725 741 3804 relaturi,
765 3732 799 3790 vt
822 3728 849 3789 si
871 3728 943 3811 quid
960 3728 1139 3791 remanserit
1165 3728 1332 3811 questionis
1357 3732 1463 3793 nostre

269 3833 450 3915 provisionis
467 3832 567 3912 studio
583 3835 727 3917 sopiatur.
753 3837 801 3914 (lla
828 3855 901 3917 ergo
919 3842 949 3899 et
966 3837 1047 3918 ipsos
1064 3835 1312 3919 predictalibere
1332 3837 1461 3901 inresti-

269 3958 343 4022 gape
360 3942 525 4022 permittas,
542 3943 616 4004 etsi
638 3941 693 4006 tibi
710 3943 822 4009 videris
843 3943 995 4026 expedire,
1022 3949 1090 4006 tuos
1118 3930 1219 4020 mittas
1248 3943 1377 4023 ημῃὶίοε,
1394 3962 1463 4018 cuna

269 4047 396 4120 eisdem,
415 4047 852 4132 investigationis‚‚bujusmodi
877 4053 987 4116 seriem
1014 4054 1222 4135 inspecturos.
1244 4056 1363 4130 certus,
1381 4050 1467 4134 quod.

270 4158 347 4219 sicut
366 4155 477 4236 injusta
493 4177 567 4240 sepo
590 4158 737 4221 dictorum
764 4161 938 4239 gravamina
951 4161 1076 4224 fratrum
1101 4159 1251 4235 sustinere
1271 4158 1463 4241 inpatientia

268 4263 405 4328 nolumus
422 4265 466 4328 sic
478 4264 546 4345 jura
563 4269 614 4344 tua
630 4265 716 4330 illesa
733 4265 788 4329 tibi
809 4268 945 4330 volumus
967 4287 1163 4338 conservare,
1186 4286 1254 4332 cum
1271 4273 1302 4329 te
1320 4272 1461 4350 tanquam

269 4373 426 4454 egregium
445 4379 474 4435 et
502 4372 678 4450 catholicum
696 4375 863 4457 principem
883 4375 1044 4440 babeamus
1059 4375 1090 4440 iu
1106 4374 1274 4440 visceribus
1292 4374 1461 4452 charitatis.

269 4478 377 4543 Datum
396 4479 509 4547 Tibure
525 4480 562 4544 ll.
580 4481 622 4546 id.
645 4480 725 4544 Junii
742 4502 819 4546 anno
837 4483 885 4546 IX.
