3150 5092
1192 303 1266 378 159

29 486 30 489 ’
96 483 229 548 kalendas
246 483 361 556 Marcii,
378 483 465 566 regni
482 488 579 550 autem
596 485 690 549 nostri
706 503 781 548 anno
799 483 904 568 primo.
932 480 1159 549 Venerabilibus
1175 483 1268 568 patri·

95 594 143 656 bus
159 593 348 667 bodomario,
371 592 420 656 dei
435 593 539 674 gracia
559 592 769 678 Strigoniensi,
788 598 820 656 et
834 593 971 658 lobanne
987 593 1155 666 colocensi,
1169 593 1268 658 archi-

93 703 251 788 episcopis,
268 703 357 766 Petro
370 703 576 775 Transiluano,
592 702 708 768 Andrea
722 701 872 786 dgriensi,
893 702 1040 785 Gregorio
1056 700 1269 775 Cbauadieusi,

92 813 205 878 Andrea
221 812 381 884 lauriensi,
399 811 562 876 Benedicta
581 812 784 885 waradiensi,
800 811 937 877 lohanne
952 810 1157 894 Zagrabiensi,
1170 813 1268 876 Bene·

93 921 169 985 dicto
194 921 442 1004 Wesprimiensi,
470 919 609 986 Ladislao
627 920 818 994 Wacbiensi,
834 920 933 984 Paula
955 920 1138 1004 Syrmieusi,
1154 922 1268 985 Thema

96 1031 256 1103 bonnensi,
279 1030 374 1094 Pasca
398 1029 557 1104 Nitriensi,
582 1030 733 1114 episcopis
755 1029 903 1094 ecclesias
924 1030 981 1095 Dei
1001 1028 1133 1095 feliciter
1155 1030 1269 1112 gnber-

94 1139 240 1204 nantibus.
265 1138 390 1203 Nicolao
417 1138 558 1222 palatino,
587 1137 695 1203 comite
711 1138 896 1221 simigiensi,
924 1138 1054 1204 llemico
1077 1139 1153 1203 bano
1170 1141 1267 1204 tocius

93 1246 268 1320 Solanonie,
285 1247 421 1312 debanna
437 1249 579 1332 magistro
595 1248 813 1312 tanaruicorum
829 1252 1007 1318 nostrorum,
1024 1249 1132 1313 comite
1148 1247 1266 1333 Suprn-

92 1356 329 1428 uiensi„'l'h0ma
341 1355 445 1439 judice
462 1358 545 1424 curie
566 1361 684 1429 nostre;
707 1355 849 1429 Rolando,
872 1355 1044 1442 woyauoda
1060 1356 1267 1430 Transiluano,

92 1465 197 1529 comite
215 1466 254 1529 de
271 1465 391 1530 Zounulr
412 1464 557 1530 Ladizlao
579 1467 721 1548 magistro
738 1466 1127 1550 dapiferorumnostrorum
1152 1470 1182 1530 et
1205 1465 1270 1529 aliis

90 1573 290 1659 compluribus
306 1576 461 1641 comitatus
477 1575 565 1660 regni
579 1576 674 1640 nostri
690 1576 859 1642 tenentibus
875 1581 906 1640 et
920 1576 1058 1640 honores.

622 1835 744 1908 CLXV.

539 1991 618 2055 naon,
638 1993 681 2047 aa.
700 1993 826 2048 unsrun.

178 2120 315 2185 Andreas
332 2120 380 2184 dei
396 2121 492 2203 gratia
509 2122 669 2204 llungarie,
686 2121 843 2197 Dalmatia,
860 2121 1028 2196 Crouratie,
1046 2124 1271 2198 Rameseruie,

47 2281 49 2287 .
91 2230 236 2302 Gallicie,
268 2230 461 2304 bodomaric‚
493 2229 646 2304 Comanie,
668 2231 869 2317 Bulgarieque
898 2254 959 2297 rex.
992 2232 1135 2298 Omnibus
1160 2231 1272 2298 Christi

91 2339 244 2413 fidelibus,
264 2344 421 2424 presentes
437 2337 552 2404 litteras
568 2341 760 2425 inspecturis,
778 2341 904 2406 salutem
919 2342 949 2405 in
965 2342 1094 2426 omnium
1112 2341 1271 2406 saluatore.

90 2450 132 2514 dd
149 2449 362 2514 uniuersorum
379 2447 522 2522 notitiam,
539 2448 644 2515 barum
661 2450 741 2515 serie
756 2451 892 2517 volumus
909 2451 1084 2536 peruenire:
1105 2451 1184 2536 qnod
1204 2469 1269 2515 cum

89 2579 165 2623 anno
184 2558 299 2622 domiui
314 2557 469 2621 millesimo
486 2593 531 2606 —
549 2595 590 2606 -
606 2596 650 2608 -
661 2580 689 2635 e,
703 2569 733 2624 et
749 2579 898 2626 consensu
913 2558 1127 2624 venerabilium
1145 2566 1271 2644 patrum,

89 2668 406 2752 archiepiscoporum,
436 2669 661 2753 episcoporum,
695 2669 853 2744 baronum,
886 2689 1043 2755 procerum
1079 2673 1110 2733 et
1138 2669 1268 2735 omnium

89 2777 238 2842 nobilium
261 2778 346 2858 regni
367 2778 476 2851 nostri,
500 2779 580 2864 apud
595 2777 714 2851 Albam,
731 2779 761 2842 in
778 2778 846 2844 loco
862 2784 964 2844 nostro
981 2777 1161 2853 cathedrali,
1177 2798 1271 2842 annu-

92 2892 162 2952 ente
186 2885 322 2958 domino,
347 2885 507 2952 fuissemus
524 2888 673 2960 coronati,
702 2893 732 2952 et
746 2888 776 2951 in
792 2889 878 2972 regui
893 2888 1127 2972 gubernaculum
1149 2908 1274 2953 succes-

90 2999 239 3064 sissemus
259 2996 325 3059 inre
349 2999 379 3058 et
395 2995 500 3061 ordine
520 2997 675 3080 geniture,
699 2997 802 3062 habita
820 2997 1055 3082 congregatione
1069 2997 1222 3080 generali,
1239 2998 1270 3062 in

20 3165 22 3200 z
90 3108 250 3173 veteri-
265 3143 309 3154 —
325 3105 464 3171 nobilium
483 3106 569 3190 regni
593 3107 701 3179 nostri,
725 3127 741 3170 a
763 3107 874 3171 sanctis
895 3105 1137 3191 progenitoribus
1162 3106 1272 3172 nostris

20 3219 22 3300 ξ
91 3218 159 3282 data
179 3221 212 3281 et
228 3234 388 3287 concessa,
410 3234 468 3299 que
483 3215 514 3278 in
531 3214 663 3280 articulis
679 3217 881 3300 exprimuntur
895 3215 971 3279 inira
986 3215 1119 3300 scriptis,
1146 3215 1272 3280 inuiola-

20 3361 21 3364 ¹
91 3325 198 3391 bilitcr
214 3323 299 3388 firma
314 3323 374 3388 lide
390 3325 580 3407 promisimus
597 3324 769 3390 obseruare.

20 3449 21 3462 *
144 3477 147 3485 Α
175 3435 248 3496 nrt.
274 3433 304 3496 1.
333 3433 462 3498 Primum
489 3433 644 3508 videlicet;
672 3433 750 3518 quod
787 3435 884 3498 omnia
911 3433 975 3497 iura
1001 3431 1214 3507 ecclesiarum,
1245 3435 1275 3497 in

92 3541 469 3626 possessionibus‚.loris‚
486 3542 620 3615 tributis,
644 3549 674 3607 et
690 3541 773 3615 aliis,
795 3562 852 3626 que
869 3542 1023 3627 ecclesiis,
1045 3543 1202 3614 assuetis,
1225 3543 1273 3608 vel

92 3650 160 3715 aliis
191 3650 327 3733 regibus,
349 3652 588 3735 progenitoribus
611 3652 737 3724 nostris,
765 3651 830 3715 sive
852 3649 919 3714 aliis
941 3651 1047 3714 incolis
1069 3651 1156 3734 regni
1178 3651 1272 3714 nostri

94 3759 165 3826 data
184 3765 252 3824 sunt
274 3767 305 3824 et
317 3780 470 3835 concessa,
484 3781 704 3827 conseruamus.
721 3761 759 3824 Et
775 3759 871 3824 omnia
886 3759 1072 3843 integraliter
1083 3761 1274 3825 restituemus

94 3871 132 3934 ab
149 3870 292 3936 ecclesiis
309 3873 460 3955 occupata.

185 3977 250 4042 Art.
268 3980 298 4042 2.
315 3981 387 4044 ltem
403 3979 514 4045 nullum
529 3980 698 4044 comitatum
719 3978 806 4062 regni
827 3978 922 4041 nostri
937 3977 1092 4049 ecclesiis,
1109 3977 1157 4041 vel
1172 3997 1274 4043 earum

95 4088 237 4171 prelatis,
261 4087 431 4163 baronibus,
455 4088 502 4155 vel
523 4087 673 4152 nobilibus
690 4087 788 4158 alicui,
806 4086 852 4152 vel
868 4086 1025 4171 aliquibus,
1048 4086 1078 4150 in
1100 4091 1273 4170 perpetuum

97 4197 298 4261 conferemus.
322 4197 471 4263 lmitantes
497 4200 527 4263 in
550 4198 607 4262 hoc
631 4200 803 4261 sanctorum
826 4193 1057 4280 progenitorum,
1080 4213 1185 4276 regum
1208 4194 1277 4260 illn-

97 4306 206 4370 strium
222 4305 383 4388 Hungarie,
400 4308 539 4391 vestigia,
553 4325 608 4390 pro
625 4304 754 4377 modulo,
772 4309 804 4368 et
818 4325 873 4388 pro
885 4324 985 4388 posse.

189 4414 251 4477 Art.
276 4415 305 4478 3.
327 4414 527 4480 Promittimus
552 4416 650 4488 etiam,
667 4414 747 4498 quod
763 4413 935 4498 dignitates,
949 4433 1003 4478 seu
1018 4414 1173 4478 comitatus
1189 4415 1276 4496 regni

96 4524 205 4596 nostri,
223 4544 277 4588 seu
289 4527 396 4602 eastra,
409 4524 542 4595 aduenis,
555 4523 602 4590 vel
617 4523 796 4608 hospitibus,
812 4528 861 4588 aut
872 4523 1006 4610 paganis,
1022 4523 1069 4589 rel
1084 4520 1276 4606 ignobilibus,
