3150 5092
280 373 328 444 32

275 566 346 610 suos
362 563 427 610 cum
443 543 554 608 vestris
575 542 673 606 mittat
689 544 825 614 nuncios,
842 544 870 606 si
888 542 947 606 sibi
963 541 1113 606 videbitur
1130 543 1283 626 expedire,
1299 541 1472 620 inuestiga-

276 654 366 718 tionis
385 650 555 735 hujusmodi
579 651 689 714 seriem
712 650 902 734 inspecturos
909 671 919 724 ;
936 654 1051 722 certus,
1072 649 1153 733 quod
1168 653 1248 715 sicut
1268 652 1382 734 injusta
1394 667 1474 731 sepe

276 762 423 826 dictorum
436 763 558 825 fratrum
570 758 743 841 grauamina
756 760 909 822 sustinere
920 758 951 821 iu
964 758 1107 842 patientia
1120 758 1254 822 nolumus
1267 761 1313 823 sic
1321 759 1392 841 jura
1405 759 1475 841 ejus

272 869 359 934 illesa
383 869 441 933 sibi
464 866 600 932 volumus
623 885 824 931 conseruare:
847 887 915 931 cum
936 865 1074 930 eumdem
1099 871 1239 949 tanquam
1260 869 1421 949 egregium
1439 874 1473 931 et

274 976 454 1041 catbolioum
471 973 639 1058 principem
654 973 818 1038 babeamus
834 974 865 1036 in
886 973 1056 1037 visceribus
1078 973 1244 1038 charitatis.
1264 974 1352 1057 Quod
1367 976 1396 1038 si
1411 995 1473 1039 non

273 1103 377 1150 omnes
393 1119 438 1134 -
453 1082 578 1169 Tyburc
592 1082 643 1146 lll.
659 1082 726 1146 idus
740 1081 818 1164 junii
833 1100 910 1145 annu
928 1101 1016 1146 nono.

814 1285 923 1356 XXXl.

695 1439 774 1501 raes,
796 1438 840 1492 ra.
858 1437 929 1493 cunr.
947 1437 1062 1492 Tibur.

364 1568 512 1632 Honorius
533 1603 577 1614 —
599 1566 741 1650 episcopo
771 1566 948 1636 Portuensi,
979 1563 1146 1648 apostolice
1179 1563 1265 1628 sedis
1290 1563 1393 1647 legato
1421 1599 1469 1612 -

273 1675 408 1757 Qualiter
425 1674 592 1739 scribamus
621 1674 800 1738 charissimo
824 1673 854 1737 in
872 1671 992 1736 Christo
1009 1672 1069 1737 lilio
1087 1677 1190 1736 nostro
1268 1670 1380 1736 illustri
1401 1673 1471 1754 regi

271 1782 439 1864 Hungarie,
468 1801 561 1865 super
576 1779 813 1861 grauaminibus,
832 1801 890 1865 que
907 1781 1027 1844 dilectis
1043 1781 1113 1844 liliis
1130 1781 1275 1844 iratribus
1299 1782 1407 1844 domus
1430 1781 1467 1844 S.

271 1890 366 1954 lllarie
398 1890 663 1955 Tlrcutom'eorum
696 1890 731 1954 in
766 1895 857 1954 terra
881 1892 1000 1966 nme,
1039 1909 1075 1953 ac
1101 1888 1178 1953 vltra
1207 1894 1324 1952 montes
1354 1889 1469 1952 niuium

269 1996 380 2062 dicitur
401 1998 551 2069 intulisse,
574 2003 661 2061 tenor
683 1996 868 2070 litterarum,
896 2017 971 2081 quas
1000 2017 1093 2081 super
1114 1995 1173 2061 boc
1195 1997 1225 2060 ei
1241 1996 1410 2079 dirigimus,
1434 2001 1469 2059 te

269 2105 389 2188 plenius
411 2104 560 2168 edocebit.
585 2105 650 2185 Quo
673 2105 755 2168 circa
779 2104 961 2168 fraternitati
987 2109 1040 2168 tue
1068 2123 1123 2188 per
1154 2104 1320 2188 apostolica
1349 2105 1467 2187 scripta

269 2213 453 2283 mandamus,
475 2216 622 2295 quatenus
646 2212 765 2277 litteras
788 2219 908 2276 nostras
931 2212 1042 2295 exponi
1058 2211 1152 2276 iacias
1176 2210 1369 2295 perfidelem
1385 2232 1466 2276 nun-

270 2323 348 2387 cium
365 2323 425 2405 ipsi
441 2322 523 2404 regi3
552 2326 582 2384 et
597 2322 695 2404 ipsum
713 2322 748 2385 ad
773 2322 945 2385 iaciendum
966 2341 1018 2392 ea,
1042 2341 1100 2405 que
1125 2321 1315 2385 continentur
1334 2321 1365 2383 in
1394 2321 1466 2395 illis,

270 2449 394 2492 moneas
425 2429 591 2492 efficaciter
623 2433 653 2491 et
683 2427 827 2502 inducas;
860 2434 891 2492 et
912 2429 939 2492 si
961 2449 997 2492 se
1019 2430 1049 2491 in
1069 2428 1128 2492 lroc
1145 2427 1265 2500 durum,
1282 2427 1465 2512 ultraquam

270 2539 388 2609 deceat,
416 2535 593 2609 exhibuerit,
621 2536 720 2600 eidem
744 2536 927 2601 denunciare
955 2557 1116 2618 procures,
1157 2537 1236 2621 quod
1264 2536 1345 2601 nullo
1373 2537 1464 2601 modo
1572 2606 1573 2613 χ

267 2646 378 2709 deesse
394 2643 560 2729 poterimus
580 2645 610 2706 in
632 2664 686 2707 sua
707 2643 825 2724 justitia
844 2642 988 2707 fratribus
1004 2643 1180 2716 antedictis;
1214 2645 1281 2726 quia
1301 2648 1464 2726 quantum·
1572 2662 1573 2695 1

268 2771 388 2838 cunque
404 2753 491 2833 regie
510 2750 631 2813 deferre
643 2750 820 2814 sublimitati
833 2751 970 2823 velimus,
987 2771 1045 2815 non
1063 2751 1209 2815 debemus
1227 2757 1326 2814 lamen
1343 2752 1468 2816 deferre
1572 2760 1573 2769 ’

268 2859 380 2924 bomini
396 2865 501 2922 contra
517 2857 623 2920 Deum.
648 2858 755 2920 Datum
772 2858 895 2942 Tybure
909 2858 945 2920 Il.
962 2857 1029 2921 idus
1044 2858 1127 2922 Junii
1142 2859 1225 2921 Auno
1241 2858 1290 2920 lX.

798 3060 920 3130 XXXll.

676 3213 758 3278 1225,
778 3214 823 3267 12.
842 3212 913 3267 Jnni.
932 3211 1047 3268 Tibur.

356 3339 502 3403 llonorius
520 3375 564 3386 -
585 3337 698 3402 lllustri
720 3341 788 3422 regi
818 3339 972 3421 llungarie
993 3376 1037 3388 -
1060 3340 1205 3414 Dolemus
1234 3344 1353 3425 quoties
1378 3345 1464 3407 audi-

266 3468 347 3520 mus,
375 3453 407 3510 te
428 3446 543 3531 aliquid
566 3447 684 3519 iacere,
723 3448 804 3533 quod
827 3449 905 3512 lame
933 3454 985 3512 tue
1008 3448 1111 3512 obuiet
1138 3453 1168 3512 et
1193 3449 1303 3523 saluti3
1336 3450 1461 3514 deside-

264 3560 365 3620 rantes
377 3559 408 3619 rt
421 3575 542 3640 semper
556 3556 662 3628 iacias,
676 3576 731 3639 per
751 3577 810 3641 que
822 3558 888 3621 Deo
906 3560 938 3621 ct
950 3556 1118 3620 bominibus
1130 3556 1244 3621 debeas
1257 3559 1460 3643 complacere.

263 3666 295 3729 ln
322 3664 380 3728 tuis
408 3663 577 3748 privilegiis
601 3665 812 3748 prospeximus
835 3665 993 3735 contineri,
1025 3665 1104 3749 quod
1129 3670 1244 3728 terram
1267 3669 1382 3740 Barac,
1411 3676 1463 3731 aut

264 3774 340 3838 ultra
370 3780 492 3838 montes
522 3773 642 3837 nivium
673 3771 817 3836 iratribus
840 3774 949 3839 domus
977 3773 1241 3839 Tbetrtom'ccrum
1270 3778 1358 3856 regia
1383 3775 1461 3841 libe-

262 3882 381 3946 ralitate
406 3881 543 3954 donasti;
571 3880 651 3944 uude
666 3885 777 3943 terram
801 3882 897 3965 ipsam
913 3879 970 3944 sub
986 3881 1155 3963 apostolice
1171 3883 1256 3946 sedis
1271 3886 1462 3966 protectione

263 3990 463 4074 suscepimus,
481 3993 511 4052 et
526 3988 667 4052 libertate
683 3988 858 4052 donavimus
873 3987 1000 4071 speciali
1009 4009 1019 4061 ;
1035 3987 1111 4051 adeo
1129 3995 1162 4052 ut
1181 3989 1349 4072 apostolico
1366 3991 1460 4074 privi-

261 4098 343 4179 legio
363 4095 564 4168 statuerimus,
581 4116 646 4159 eam
667 4094 740 4157 nulli
757 4095 814 4157 nisi
830 4114 954 4178 romano
971 4093 1106 4177 pontifici
1122 4094 1293 4168 subiacere,
1311 4101 1460 4182 quatenus

260 4206 367 4270 eadem
383 4204 498 4270 colonis
514 4205 603 4269 citius
619 4203 806 4288 impleretur,
823 4208 965 4287 tuumque
982 4203 1119 4266 meritum
1142 4224 1179 4268 co
1196 4203 1287 4267 altius
1305 4210 1460 4286 surgeret,

260 4333 318 4399 quo
350 4315 460 4379 donum
491 4316 574 4376 tuum
607 4317 690 4377 torre
730 4314 836 4375 sancte
873 4310 997 4375 uberius
1036 4312 1220 4396 proveniret.
1266 4311 1462 4395 Frequenter
1571 4406 1572 4411 γ

260 4427 357 4486 autem
385 4423 519 4507 ipsorum
546 4421 672 4486 fratrum
700 4419 863 4503 recipimus
890 4419 1122 4503 querimoniam,
1155 4419 1235 4503 qood
1256 4419 1341 4502 ipsos
1363 4440 1461 4503 super
1571 4444 1572 4513 ss

259 4536 341 4596 terra
358 4531 463 4596 cadom
480 4530 631 4614 inquietas
643 4533 675 4593 et
690 4530 868 4612 frequenter
884 4526 939 4591 tibi
961 4548 1053 4612 super
1068 4528 1127 4595 boc
1155 4529 1318 4593 direximus
1342 4530 1460 4613 scripta
1571 4522 1572 4553 ³
