3150 5092
302 333 379 405 118

295 513 440 580 vocatam,
456 509 526 572 olim
544 509 581 572 ad
598 508 769 572 comitatum
787 510 825 573 de
843 506 967 571 Dobclra
979 509 1188 590 pertinentem,
1207 529 1294 592 quam
1309 509 1391 572 idem
1408 509 1489 571 Lau-

294 615 410 679 rentius
432 617 603 698 woywoda,
631 621 719 699 pater
741 619 817 689 eius,
841 637 858 679 a
881 617 1077 678 serenissimo
1094 618 1249 700 principe,
1267 616 1388 681 damino
1405 617 1488 692 Bela,

295 723 393 788 felicis
416 723 641 788 recordacionis
663 743 754 805 rege,
780 743 836 786 auo
852 727 957 787 nostro
979 723 1154 797 karissimo,
1170 725 1372 805 aquisinerat,
1389 725 1491 789 comiti

296 833 415 903 Hencb,
439 830 500 894 filio
518 828 693 892 Brendeliui
715 830 754 892 de
777 829 897 899 Radna,
920 831 1032 894 rectori
1055 831 1149 893 castri
1171 831 1338 904 Budensis,
1362 833 1489 916 propin·
1559 914 1560 919 ἵ

295 939 393 1022 guiori
416 958 470 1002 suo
493 937 613 1001 scilicet
636 944 829 1010 cometanec,
857 937 1008 1001 vendendi
1031 939 1202 1002 facultatem
1228 939 1355 1002 liberam
1377 938 1488 1023 prebe·
1559 968 1560 975 ¹

295 1067 412 1119 remus;
430 1050 461 1109 et
476 1045 549 1108 licet
564 1045 749 1108 successiuis
765 1048 932 1127 temporum
945 1045 1161 1110 mutacionibus
1177 1047 1315 1129 predicta
1336 1049 1491 1130 possessio

294 1152 464 1216 Kendtelulr
491 1157 596 1216 vocata
626 1153 663 1215 ad
691 1151 828 1215 diuersas
850 1172 955 1216 manus
977 1153 1087 1216 fuisset
1110 1153 1265 1224 deuoluta,
1295 1161 1397 1217 tamen
1420 1155 1489 1239 qnia
1559 1174 1560 1177 ’

295 1261 421 1323 eandem
439 1260 662 1343 possessionem
676 1279 732 1343 per
743 1260 892 1342 prefatum
905 1260 1097 1324 Laurentium
1110 1261 1284 1343 roywodam
1297 1282 1354 1344 pro
1371 1263 1488 1343 magnis

295 1372 326 1430 et
343 1366 483 1431 fidelibus
501 1367 564 1429 suis
582 1365 735 1449 obsequiis
752 1367 848 1428 tuisse
864 1367 1051 1449 acquisitam,
1067 1387 1124 1430 nec
1142 1367 1272 1431 debebat
1287 1367 1417 1431 collacio
1433 1369 1490 1432 sibi

294 1475 373 1539 tacta
402 1475 440 1537 de
468 1473 574 1537 eadem
598 1471 768 1556 aliqualiter
792 1475 964 1537 retractari.
989 1473 1069 1546 Nos,
1093 1476 1145 1558 qni
1166 1495 1202 1538 ex
1227 1474 1330 1538 cilicio
1356 1478 1491 1560 suscepti

294 1581 450 1663 regiminis
467 1580 611 1644 debemus
628 1579 741 1643 librare
753 1582 860 1644 merita
872 1582 1067 1660 negociorum
1083 1587 1114 1644 et
1126 1580 1208 1664 justa
1223 1585 1397 1665 petenaium
1412 1586 1488 1646 rotis

294 1689 489 1771 aquiescere,
511 1687 693 1769 peticionem
716 1689 812 1770 ipsius
834 1689 998 1752 laurencii
1019 1688 1089 1752 bani
1111 1691 1141 1750 in
1163 1689 1220 1752 bac
1244 1694 1333 1773 parte
1354 1690 1488 1754 duximus

294 1796 508 1860 admittendam
521 1798 693 1876 presertim,
708 1797 776 1878 quia
793 1795 874 1858 idem
887 1796 917 1857 in
932 1796 1057 1879 pacifica
1072 1796 1121 1881 (t)
1129 1796 1200 1861 ville
1217 1817 1272 1860 seu
1283 1799 1488 1881 possessionis

262 1898 265 1906 ’
294 1910 459 1966 memorate
488 1903 668 1967 constitutus
690 1904 790 1966 luerat
812 1903 862 1964 illa
885 1904 967 1976 vioe;
993 1905 1044 1988 qui
1068 1904 1191 1967 obtenta
1215 1904 1342 1968 anobis
1368 1905 1488 1969 licentia

292 2010 464 2091 hujusmodi
481 2028 581 2073 coram
598 2009 684 2073 uobis
697 2010 897 2092 personaliter
912 2012 1127 2094 compareudo,
1144 2012 1341 2094 sepedictam
1364 2034 1489 2096 posses-

291 2118 406 2181 sionem
429 2115 600 2179 Kendtelul
622 2122 773 2188 vocatam,
796 2118 953 2181 confessus
972 2123 1034 2191 est,
1055 2139 1091 2182 se
1112 2121 1230 2202 prefato
1254 2120 1357 2181 comiti
1386 2121 1490 2183 llencb

291 2245 346 2306 pro
374 2229 495 2287 centum
519 2227 550 2285 et
573 2223 788 2307 quinquaginta
809 2226 920 2288 marcis
945 2226 1093 2289 fulminati
1115 2228 1234 2309 argenti
1256 2227 1438 2290 uendidisse
1461 2233 1490 2290 et

290 2333 386 2414 ipsam
402 2331 559 2415 pecuniam
576 2331 613 2393 ab
630 2333 736 2396 ecdem
751 2332 889 2416 plenarie
904 2334 1073 2415 recepisse,
1098 2335 1147 2396 cni
1172 2335 1292 2417 quidem
1318 2336 1444 2398 emtioni
1460 2339 1490 2398 et

291 2438 455 2502 venditioni
471 2457 526 2502 nos
544 2437 582 2502 de
599 2438 788 2522 beneplacito
806 2442 934 2502 omnium
952 2440 1095 2504 baronum
1119 2447 1299 2513 nostrorum,
1317 2442 1356 2504 ad
1374 2443 1490 2506 instau-

292 2547 368 2608 ciam
385 2545 521 2628 parcium
542 2564 721 2609 consensum
744 2545 919 2630 prebuimus
942 2549 1059 2628 regium
1083 2554 1115 2610 et
1134 2569 1301 2612 assensum.
1329 2549 1488 2622 Volentes,

291 2652 370 2734 quod
388 2653 485 2733 ipsam
502 2655 726 2734 possessionem
742 2653 913 2717 Kendtelul
937 2654 1016 2717 idem
1039 2675 1140 2718 comes
1161 2655 1266 2718 Hencb
1290 2661 1322 2719 et
1344 2677 1404 2739 per
1424 2677 1491 2721 eum

292 2759 338 2821 sui
361 2760 508 2830 heredes,
530 2759 736 2844 heredumque
758 2781 880 2823 suorum
902 2763 933 2823 in
954 2767 1108 2845 posterum
1127 2783 1326 2826 successores
1348 2766 1381 2826 in
1401 2766 1490 2828 metis

291 2865 442 2948 prioribus
459 2873 490 2930 et
506 2867 652 2951 antiquis,
678 2865 787 2950 quibus
801 2867 906 2931 eadem
923 2869 1022 2932 tuerat
1038 2868 1181 2940 limitata,
1203 2891 1270 2934 cum
1288 2870 1355 2952 ejus
1373 2873 1490 2936 utilita-

289 2971 370 3034 tibus
387 2976 418 3034 et
434 2974 630 3056 pertinenciis
644 2975 792 3038 uniuersis
804 2974 917 3059 absque
933 2976 1152 3061 inquietatione
1163 2977 1325 3041 cuiuslibet
1338 2984 1488 3062 perpetuo

290 3078 451 3160 possidere
474 3080 592 3143 ualeant
617 3085 647 3144 et
672 3082 805 3155 babere,
834 3083 970 3146 omnibus
999 3084 1188 3167 priuilegiis,
1216 3086 1430 3151 instrumentis
1461 3092 1490 3150 et

290 3185 402 3249 litteris
426 3191 456 3250 et
479 3188 667 3252 munimentis
684 3189 770 3262 aliis,
795 3189 821 3251 si
844 3208 903 3272 que
929 3190 1054 3254 forsitan
1071 3210 1218 3273 processu
1241 3196 1414 3276 temporum
1435 3215 1490 3278 per

291 3311 344 3353 eos
362 3293 398 3355 ad
416 3314 491 3376 quos
508 3294 613 3356 eadem
629 3297 785 3377 possessio
802 3296 833 3357 in
850 3301 1019 3380 temporum
1035 3297 1266 3372 mutacionibus,
1290 3302 1334 3363 vti
1358 3303 1488 3384 premit-

291 3399 374 3469 titur,
400 3399 581 3472 denenerat,
606 3402 653 3464 vel
675 3423 729 3486 per
750 3403 893 3488 quosdam
911 3405 985 3467 alios
1002 3409 1129 3488 possent
1143 3405 1302 3486 injudicio
1319 3408 1370 3470 vel
1393 3419 1487 3481 extra,

290 3510 394 3570 contra
412 3508 549 3570 eumdem
567 3510 706 3572 comitem
731 3510 834 3575 Hencb
858 3510 1018 3584 exhibere,
1036 3512 1164 3575 cassatis
1180 3515 1302 3595 penitus
1318 3505 1399 3578 etin
1416 3517 1486 3578 irri-

290 3619 351 3675 tum
368 3616 527 3686 reuocatis,
547 3620 577 3678 et
592 3621 704 3678 tantum
722 3618 915 3701 presentibus
932 3620 1078 3683 valituris.
1104 3620 1212 3682 Datum
1230 3620 1330 3692 Bude,
1355 3623 1386 3685 in
1408 3623 1486 3686 festu

290 3723 477 3785 ascensionis
495 3722 615 3794 domiui,
633 3741 708 3784 anno
726 3723 840 3788 domini
857 3725 1063 3789 ccccxxix.

826 3907 948 3978 oxxfl.

702 4040 782 4103 1280,
801 4041 845 4095 15.
864 4043 945 4096 littra.
964 4042 1065 4098 Wion.

377 4146 551 4230 lludolpbus
564 4148 621 4211 Dei
636 4151 732 4228 gratia
748 4150 946 4214 Romanorum
961 4171 1015 4214 rex
1028 4171 1148 4236 semper
1166 4158 1315 4236 augustus
1332 4158 1484 4223 universis

286 4252 396 4316 Christi
413 4253 551 4317 fidelibus
569 4258 729 4336 presentes
751 4255 869 4319 litteras
890 4259 1074 4340 inspecturis
1096 4260 1224 4340 gratiam
1247 4281 1333 4326 suam
1350 4270 1383 4328 et
1399 4286 1484 4329 omne

285 4361 406 4424 bonum.
437 4360 482 4422 Ad
509 4360 717 4424 universorum
738 4366 800 4425 tam
821 4367 1008 4444 presentium
1032 4384 1118 4447 quam
1145 4367 1315 4432 futurorum
1349 4375 1482 4437 notitiam

284 4466 419 4532 uolumus
452 4466 631 4548 pervenire,
659 4465 739 4548 quod
765 4488 820 4531 nos
842 4468 968 4534 vidimus
997 4477 1029 4535 et
1058 4473 1225 4537 audiuimus
1247 4475 1367 4541 litteras
1390 4481 1484 4545 incliti
