3150 5092
322 341 373 415 66

319 536 450 590 suarum,
460 539 535 604 quas
552 519 580 582 in
598 518 668 584 ville
686 515 810 603 cuam)
827 519 858 580 in
867 518 937 584 rilla
946 518 1107 605 Dengeleg
1116 520 1146 606 ¹)
1165 520 1242 583 etin
1258 513 1524 600 rillsCeegeld2)

319 623 503 688 hereditario
515 624 586 706 jure
602 623 792 708 possederat,
809 623 847 686 de
863 643 1014 688 consensu
1031 629 1063 688 et
1077 625 1270 710 beneplacito
1288 624 1344 688 tilii
1360 626 1423 696 sni,
1442 621 1525 685 Petri

318 731 477 803 uidelicet,
495 737 527 796 et
542 732 668 796 maxime
685 752 721 795 ex
741 732 942 815 permissione
959 733 1071 796 domini
1093 733 1168 796 bele
1190 720 1318 796 illustris
1336 732 1425 813 regis
1441 731 1525 793 llnn-

318 842 415 922 garis,
432 844 520 924 prout
536 842 625 904 etiam
642 839 728 904 nobis
746 841 844 924 patuit
859 859 916 924 per
931 838 1049 905 litteras
1065 843 1173 925 ipsius,
1187 840 1372 905 contulisset
1386 839 1525 914 Andree‚

318 949 419 1021 Petro,
436 949 579 1032 Symony,
595 947 747 1022 badislao,
763 948 880 1022 Lucbe,
897 949 989 1021 blixa,
1006 950 1162 1033 Stephano
1172 956 1205 1014 et
1220 947 1339 1012 Detblra
1352 948 1394 1012 de
1407 967 1525 1032 genere

322 1055 565 1140 Scenthemagus
593 1078 648 1141 pro
673 1078 710 1121 eo
733 1057 891 1130 videlicet,
918 1057 998 1141 quod
1019 1060 1052 1120 in
1073 1057 1132 1122 boo
1160 1057 1356 1122 necessitatis
1379 1062 1526 1138 tempore

318 1166 416 1248 ipsum
439 1165 687 1235 sustentaverint,
709 1169 857 1249 perpetuo
875 1165 946 1246 jure
968 1165 1182 1249 possidendas,
1210 1165 1371 1247 adjiciens,
1395 1162 1524 1248 quodsi

316 1272 384 1356 ipse
397 1271 447 1337 rel
465 1272 572 1356 aliquis
585 1291 707 1337 suorum
723 1277 918 1356 cognatorum
935 1275 1007 1337 hnic
1022 1274 1103 1337 sacto
1119 1273 1331 1337 contradicere
1356 1273 1523 1340 niteretum

316 1400 373 1464 pro
390 1381 538 1445 alimentis
554 1381 630 1445 detis
647 1380 744 1445 eidem
762 1381 978 1464 quinquaginta
993 1399 1111 1446 marcas
1128 1382 1249 1445 solvere
1263 1383 1426 1444 teneretur
1446 1378 1524 1442 viris

317 1487 495 1571 prenotatis.
522 1488 560 1551 Ut
577 1492 675 1552 entem
692 1488 738 1551 rei
755 1491 844 1568 geste
860 1490 959 1553 series
975 1493 1126 1573 perpetue
1147 1487 1298 1550 firmitatis
1320 1486 1416 1550 robur
1438 1485 1523 1549 obti-

317 1601 397 1670 neat,
413 1602 573 1680 presentes
589 1595 707 1660 litteras
723 1596 817 1679 sigilli
833 1597 930 1660 nostri
945 1597 1098 1658 miniminc
1114 1594 1272 1658 roboratas
1288 1594 1430 1658 duximus
1445 1613 1523 1658 con-

316 1705 480 1768 cedendas.
498 1703 642 1786 Magistro
660 1704 815 1788 Chepeno,
833 1703 967 1768 ecclesie
982 1711 1088 1770 nostre
1103 1704 1273 1788 preposito,
1291 1702 1365 1766 Sila
1381 1707 1523 1774 cantore,

315 1812 431 1876 Thoma
463 1813 590 1877 custode
622 1812 831 1877 existentibus.
867 1814 974 1877 Actum
1012 1832 1090 1877 enno
1123 1811 1276 1878 dominice
1301 1811 1525 1876 incarnationis

313 1919 360 1981 ltl⁰
376 1917 441 1982 CC·
453 1918 521 1982 xbo
536 1919 611 1982 lsslr.

857 2059 966 2130 nuru
1096 2020 1102 2026 ⁴

812 2211 891 2270 raro,
909 2211 936 2266 o.
952 2171 1011 2264 usi.

370 2345 376 2360 ’
402 2345 475 2409 bela
491 2346 540 2409 dei
557 2347 660 2426 gracia
676 2344 841 2427 Hungsrie,
867 2346 1031 2420 Dalmacic,
1054 2347 1245 2423 Chrowncie,
1268 2347 1375 2419 Reme,
1397 2347 1522 2418 Serrie,

312 2451 455 2527 Gallicis,
482 2451 677 2522 bodomerie,
710 2449 916 2536 Cumanieque
944 2475 1015 2527 rex,
1044 2454 1182 2518 omnibus
1213 2452 1330 2517 Christi
1365 2453 1521 2524 fidelibus,

311 2579 442 2642 presens
479 2562 625 2642 seriptum
656 2560 839 2642 inspecturis
869 2560 997 2624 salutern
1028 2566 1060 2625 et
1094 2580 1184 2626 omne
1214 2563 1337 2626 bonurn.
1377 2560 1521 2626 Circum·

313 2668 435 2749 speeeio
471 2687 576 2748 regum
611 2667 736 2749 provida
766 2687 803 2730 ex
831 2670 966 2751 suscepti
997 2675 1120 2734 tenetur
1145 2670 1304 2750 regiminis
1330 2670 1456 2742 officio,
1487 2675 1522 2734 ut

309 2774 445 2840 honestis
462 2794 584 2839 suornm
608 2773 741 2838 fidelium
763 2775 966 2858 peticionibus
982 2797 1163 2842 eonsensum
1183 2777 1300 2842 tribuat
1321 2783 1355 2841 et
1371 2779 1520 2842 lavorem.

309 2881 441 2945 Proinde
465 2883 501 2946 ad
523 2882 732 2946 universorum
755 2884 896 2946 noticiam
914 2887 1107 2967 presencium
1129 2906 1166 2950 sc
1188 2892 1388 2968 posterorum
1410 2887 1519 2951 barum

309 2989 392 3052 serie
419 2990 555 3054 volumus
583 2991 761 3073 pervenire,
797 2991 877 3074 quod
905 2994 1057 3056 accedens
1086 2994 1123 3057 ad
1151 2997 1347 3077 presenciam
1379 3000 1518 3059 nostram

308 3095 490 3159 venerabilis
507 3102 594 3179 pater
609 3098 719 3162 Gallus
730 3099 897 3184 episcopus
907 3103 1155 3176 transsiluocua,
1172 3123 1190 3166 a
1207 3104 1295 3168 nobis
1309 3103 1471 3168 humiliter
1482 3123 1518 3166 ac
1571 3161 1572 3164 ,

308 3203 419 3265 deuote
435 3204 598 3286 postularit
610 3204 689 3287 quod
707 3225 775 3268 eum
788 3227 842 3270 sua
860 3206 1013 3272 dioecesis
1027 3209 1130 3274 hostili
1146 3214 1373 3293 persecucione
1385 3214 1519 3277 Tbarta-

306 3328 410 3372 rorum
426 3312 462 3374 sd
479 3315 590 3374 tantem
607 3311 842 3377 inhabitaneium
859 3315 1018 3379 devenerit
1041 3318 1208 3391 raritatem,
1234 3321 1315 3404 quod
1336 3340 1353 3383 a
1376 3326 1518 3404 ternpore

305 3418 537 3502 persecucionis
554 3439 651 3502 usque
673 3421 709 3483 ad
732 3440 785 3483 sua
809 3426 944 3506 tempora
961 3425 1034 3488 nulli
1049 3425 1098 3489 rel
1115 3429 1203 3510 pauci
1218 3428 1250 3490 in
1267 3427 1363 3502 stoa,
1388 3449 1453 3513 qne
1471 3435 1518 3492 est

303 3525 396 3590 sedes
421 3526 614 3609 episcopatus
638 3529 684 3590 sui
708 3527 892 3593 lretbedrelis
915 3533 999 3595 etin
1023 3534 1089 3596 aliis
1107 3535 1246 3599 curtibus
1269 3535 1516 3619 pontificalibus,
1570 3530 1571 3533 ¹

303 3651 429 3717 quarum
446 3632 564 3695 nomina
582 3639 670 3696 sunt:
687 3634 809 3704 Herina,
827 3636 984 3720 Bpolokol,
1002 3641 1040 3704 de
1057 3643 1203 3707 comitatu
1215 3642 1349 3716 Dobila,
1362 3644 1468 3710 Golou
1480 3646 1518 3709 de
1570 3718 1571 3721 Ἴ

302 3738 445 3805 comitatu
461 3738 641 3808 Cuhrsiensi,
658 3740 741 3804 Zilac
754 3750 784 3804 et
796 3744 918 3808 Tusnad
932 3747 971 3809 de
987 3748 1091 3812 Zonuh
1103 3749 1275 3814 habeantur
1290 3752 1439 3836 inquilini
1455 3773 1513 3817 nec
1570 3748 1571 3797 3

301 3846 365 3910 illie
382 3846 561 3909 convenient
578 3847 635 3910 nisi
652 3867 704 3910 eos
720 3847 861 3912 libertate
882 3852 1033 3918 uberioris
1049 3858 1150 3936 gratie
1174 3859 1379 3939 dignaremur
1402 3882 1516 3946 prere·
1570 3866 1571 3893 ¹

303 3955 381 4024 nire,
400 3971 454 4014 nos
469 3951 561 4032 igitur
578 3953 807 4018 considerantes
823 3958 903 4039 quod
920 3979 958 4022 ex
974 3963 1164 4027 incremento
1182 3965 1310 4029 honoris
1327 3969 1517 4050 pontificalis
1569 3990 1570 4025 r

301 4057 392 4124 simul
418 4063 449 4120 et
471 4059 556 4138 regia
578 4058 709 4140 dignitas
736 4065 881 4148 suscipiat
902 4067 1121 4134 incrementum
1138 4077 1172 4134 ut
1187 4073 1298 4136 eadem
1322 4076 1467 4141 ecelesia
1487 4079 1515 4140 in
1569 4104 1570 4124 t

334 4349 358 4404 1)
377 4344 453 4406 Csrlny
469 4349 500 4393 im
516 4347 722 4394 mittelszolnoker
739 4353 823 4398 comit.
851 4401 855 4410 ,

332 4429 356 4488 ²)
376 4431 499 4488 Dengeleg
514 4431 544 4472 im
561 4429 757 4475 innerszolnoler
773 4433 853 4478 Comit.

332 4507 357 4569 ⁸)
376 4510 440 4569 θοός
457 4509 487 4552 im
504 4508 708 4554 mittelszolnoker
725 4513 808 4557 comit
