3150 5092
322 277 402 350 116

320 451 470 538 ilungarie
496 471 551 538 pro
579 451 704 516 decimis
728 450 802 516 dieti
824 449 979 514 districtus
1004 449 1126 537 Vpoolto
1142 447 1350 513 oonoambium
1378 445 1493 532 aliquod

320 561 505 647 episcopatui
521 559 741 642 Transsyluano
754 559 814 624 ullo
830 577 957 644 unquam
971 561 1107 642 ternpore
1121 557 1161 620 sit
1177 557 1327 629 collatum,
1343 556 1391 620 rel
1408 555 1495 618 dons-

322 677 394 738 tuna.
418 668 608 736 Postmodum
630 667 720 734 iidem
742 667 877 733 dhonues
900 667 1069 752 prepositus
1092 665 1308 740 Soibiuiensis,
1339 673 1373 731 et
1401 685 1494 730 eomer

324 781 432 846 Petrus
459 799 514 864 per
540 777 655 842 litteras
683 796 754 842 suas
770 776 858 842 nobis
879 777 1111 860 rescripserunt,
1139 776 1219 861 quod
1240 776 1334 840 iidem
1359 776 1497 860 magister

325 888 457 973 Regulus
484 892 516 952 st
546 887 652 952 Paulus
679 885 812 952 deoanus
837 886 876 951 ad
896 887 992 951 losum
1015 888 1194 950 sacramenti
1216 886 1291 970 ipsis
1313 885 1500 969 presentibus

325 997 515 1071 aecedentes,
530 995 702 1062 intermino
718 999 875 1081 prenotato
891 1001 1034 1080 presente
1049 995 1158 1060 comite
1172 993 1297 1059 Nioolao
1309 992 1373 1058 tilio
1389 995 1501 1058 Andree

324 1105 442 1172 homine
469 1105 543 1170 diali
570 1103 705 1188 magistri
731 1105 846 1188 Kopor,
866 1104 964 1189 ipsum
982 1104 1181 1186 juramentum
1196 1103 1384 1187 resipientes
1394 1103 1500 1168 dietum

326 1220 542 1282 sacramentum
563 1215 768 1302 prestitissent
787 1214 875 1279 modo
895 1215 1035 1299 superius
1065 1219 1212 1278 annotato.
1242 1212 1305 1278 Nos
1327 1215 1438 1298 igitur,
1458 1213 1502 1278 ersi

326 1328 453 1392 interest
479 1346 565 1390 unum
592 1343 749 1409 quemque,
777 1328 809 1388 et
833 1325 958 1388 maxime
984 1323 1131 1388 ecelesias
1158 1324 1216 1387 Dei
1237 1324 1269 1387 in
1284 1343 1385 1407 regno
1407 1314 1502 1387 nostro

327 1436 491 1500 existentes
506 1433 536 1497 in
552 1434 613 1498 suis
626 1432 745 1515 juribus
761 1452 953 1508 conservare,
974 1438 1006 1497 et
1021 1432 1147 1515 singulis
1163 1435 1193 1497 in
1215 1452 1269 1496 suo
1285 1433 1408 1497 iusticia
1435 1433 1502 1496 red·

327 1543 401 1607 dere
414 1542 572 1624 justitiam,
588 1542 669 1626 ipsas
685 1541 817 1606 decimas
832 1541 872 1606 de
887 1541 1023 1625 Ugaoha,
1039 1561 1113 1625 quas
1128 1541 1227 1606 dietus
1244 1542 1397 1625 magister
1409 1543 1506 1626 Kopoa

327 1652 415 1718 modo
431 1655 578 1736 pretaoto,
594 1655 739 1734 suggesta
759 1649 899 1722 falsitate,
918 1653 950 1714 et
965 1670 1129 1734 suppressa
1149 1651 1286 1722 veritate,
1303 1671 1322 1714 a
1347 1650 1434 1714 nobis
1450 1649 1504 1714 silri

328 1759 391 1825 dani
413 1758 595 1843 postularat,
618 1758 813 1830 reddidimus,
835 1763 867 1822 et
881 1758 1068 1823 restituimus
1091 1759 1174 1823 dieto
1191 1759 1381 1843 episcopatui
1396 1759 1505 1822 Trans—

330 1868 451 1954 sylvano
473 1887 541 1933 oum
557 1869 635 1932 omni
651 1870 840 1954 integritate,
861 1869 1024 1933 seeundum
1042 1867 1120 1954 quod
1137 1867 1197 1932 alie
1212 1867 1334 1933 decime
1349 1868 1382 1931 in
1398 1867 1506 1932 diocesi

331 1979 405 2043 dieti
420 1979 612 2064 episcopatus
623 1997 678 2063 pro
692 1979 799 2042 eodem
811 1980 985 2062 episcopatu
998 1977 1076 2060 exigi
1091 1983 1314 2042 consueuerunt
1331 1977 1509 2061 abantiquo,

330 2093 504 2172 perpetuum
532 2087 686 2151 silenoium
713 2088 794 2152 dieto
821 2086 966 2167 magistro
993 2087 1106 2169 Kopon,
1133 2087 1183 2150 uel
1205 2087 1295 2150 alicui
1317 2086 1407 2150 alteri
1421 2107 1509 2168 super

331 2193 411 2258 laeto
428 2194 509 2258 diote
525 2192 641 2258 decime
657 2195 853 2278 imponentes.
878 2194 917 2257 Et
932 2215 970 2282 ne
985 2215 1040 2277 per
1054 2195 1221 2278 quempiam
1232 2213 1384 2277 processu
1398 2199 1511 2278 tempo-
1558 2210 1560 2251 ‘i

331 2323 396 2366 rum
418 2303 516 2366 valeat
537 2304 567 2366 in
589 2303 706 2367 irritum
721 2304 869 2377 resonari,
890 2306 1066 2368 auctoritate
1084 2305 1269 2388 presentium
1286 2304 1424 2368 duximus
1440 2324 1510 2368 oon-

332 2409 514 2475 firmandum.
540 2411 646 2474 Datum
662 2412 692 2475 in
708 2411 814 2487 Brauon,
828 2411 860 2477 in
875 2413 976 2496 vigilie
989 2411 1189 2496 apostolorum
1206 2412 1360 2498 symonis,
1378 2417 1410 2477 el
1422 2412 1504 2477 iude.
1560 2401 1563 2417 ³

332 2520 414 2582 Anno
432 2518 541 2584 domini
553 2519 710 2584 millesimo
727 2520 932 2585 ducentesimo
948 2524 1134 2604 octogesimo
1151 2526 1268 2585 ootnuo.

887 2706 953 2778 CL.

660 2843 740 2907 1289,
759 2846 783 2898 1.
804 2844 969 2916 September.
988 2844 1180 2918 Kleiupold

421 2949 579 3016 Ladialaus
596 2953 645 3018 dei
659 2956 762 3038 gracia
773 2953 935 3039 Huugarie,
950 2955 1113 3029 Dalmasie,
1130 2955 1268 3034 Croaoie,
1283 2958 1391 3030 Rame,
1400 2957 1512 3029 Seruio,

332 3057 520 3132 Lodomerie,
538 3059 689 3134 Cumanie,
707 3062 903 3148 Bolgarieque
918 3084 981 3138 rex,
997 3065 1134 3130 omnibus
1151 3064 1266 3130 Christi
1282 3065 1428 3131 fidelibus
1444 3085 1513 3152 pre·

331 3173 446 3230 sentem
468 3170 604 3252 paginam
627 3170 810 3255 inspecturis
832 3174 956 3237 salutem
980 3174 1010 3237 in
1026 3195 1074 3252 eo,
1091 3176 1141 3259 qui
1157 3175 1286 3239 salutem
1311 3181 1458 3259 operatus
1472 3181 1515 3240 est

330 3277 361 3338 in
383 3275 479 3338 medio
501 3281 592 3340 terre.
615 3278 660 3340 Ad
683 3280 888 3343 uniuersorum
908 3283 1048 3347 notioinm
1071 3283 1203 3347 volumus
1225 3285 1403 3368 pervenire.
1437 3285 1515 3367 Quod

332 3400 398 3445 oum
414 3381 595 3446 venerabilis
616 3388 702 3466 pater
718 3386 750 3450 P.
769 3386 818 3450 dei
832 3389 935 3468 gracia
951 3391 1114 3473 episeopus
1137 3393 1378 3457 Trnnssiluanus
1395 3414 1434 3458 ex
1449 3415 1517 3480 pre·

332 3495 421 3573 septo
438 3496 468 3554 et
480 3493 616 3556 mandato
634 3495 813 3559 venerabilis
823 3502 941 3579 patrum
948 3497 1119 3564 Lodomerii
1131 3500 1276 3567 videlieet
1283 3502 1517 3585 Strigoniensis.

333 3605 363 3664 et
383 3598 526 3664 iohannis
553 3600 740 3677 colosensis,
775 3605 826 3670 dei
846 3609 949 3688 grania
976 3609 1174 3676 ecelesiarum
1201 3614 1515 3699 archiepiscoporum,

333 3707 500 3771 dieeueium
523 3709 729 3775 auctoritatem
747 3714 827 3777 sedis
845 3716 1009 3798 apostolice
1025 3739 1058 3782 se
1076 3718 1189 3784 habere
1205 3726 1237 3785 et
1258 3741 1320 3786 non
1345 3744 1385 3786 ex
1401 3724 1522 3809 proprio

334 3820 416 3878 motu
442 3820 473 3877 et
493 3817 651 3890 voluntate,
673 3819 752 3885 siout
773 3821 864 3903 ijdem
891 3825 1114 3911 archiepiscopi
1134 3830 1289 3912 prenotati
1311 3851 1419 3896 eoram
1441 3831 1524 3895 uobis

331 3928 401 3988 sunt
421 3924 563 3998 confessi,
587 3925 696 4000 Arban,
714 3929 885 4004 Cumanum,
907 3933 1066 4015 cognatum
1081 3943 1228 4009 nostrum,
1246 3942 1278 4002 et
1294 3938 1376 4004 duos
1393 3947 1519 4025 nepotes

332 4031 474 4103 eiusdem,
503 4052 538 4095 ao
562 4031 696 4120 Moius1)
719 4039 881 4120 vojwodam
898 4045 1032 4104 nostrum
1059 4044 1318 4119 Transsiluanum,
1336 4047 1470 4114 dilectos
1490 4053 1519 4112 et

331 4139 436 4205 fideles
452 4125 570 4202 nostros
586 4141 776 4222 captivasset,
794 4150 824 4209 et
839 4150 964 4230 propter
979 4148 1038 4211 lroe
1050 4151 1145 4215 solum
1163 4156 1383 4238 possessiones
1406 4156 1520 4221 donati-

332 4251 394 4314 oias
418 4267 473 4331 per
499 4247 618 4310 inclitos
645 4268 735 4331 reges
761 4260 793 4317 et
812 4253 962 4329 illustres,
985 4256 1087 4322 Belem
1105 4260 1249 4328 videlieet
1271 4264 1356 4328 olere
1379 4266 1519 4329 memoria

336 4407 655 4418 ----—-—--—-—-——

363 4493 387 4560 ¹)
404 4473 539 4551 Unriehtigs
554 4495 637 4551 Mopis,
653 4493 690 4539 bei
707 4495 773 4557 sejtr
794 4502 821 4556 V,
837 4500 861 4559 3,
878 4501 926 4548 tot
941 4517 982 4550 aus
998 4507 1108 4555 Sueradai
1124 4511 1206 4559 Series
1223 4514 1298 4573 spise.
1314 4515 1354 4564 29.
