3150 5092
1186 358 1256 430 ast

19 518 21 563 ³
57 531 146 615 Quia
165 536 277 596 tamen
293 552 394 596 comm
410 532 550 604 Alardus,
565 531 683 615 juvenis
699 532 777 595 filius
794 530 911 617 Gyaao,
926 516 966 596 de
982 531 1113 599 Vicalroa
1128 533 1265 598 dominus

19 656 21 671 ¹
55 644 290 727 possessionis
313 641 484 726 supradicte
501 640 616 727 Godym
632 641 784 715 videlicet,
812 642 862 725 qui
877 640 962 705 titulo
978 642 1114 711 emtionis
1130 642 1265 726 possedit

56 771 173 837 usque
197 751 306 823 modo,
329 750 572 835 quemadmodum
594 771 647 814 sua
669 770 761 834 super
783 748 842 813 hoc
862 748 993 815 exhibita
1013 751 1143 835 probant
1162 752 1260 816 muni-

19 866 20 869 ’
55 866 175 923 menta
196 861 298 924 eidem
322 859 402 924 circa
425 863 519 923 metas
539 858 685 943 particule
706 865 788 921 terre
814 856 962 942 prelibata
984 860 1174 925 contradixit.
1198 858 1261 923 Sed

18 1012 20 1017 -
57 988 164 1054 quum
193 989 260 1033 non
287 969 425 1033 obstante
452 970 688 1034 contradictione
708 967 893 1050 hujusmodi,
919 970 988 1051 lpse
1012 970 1157 1053 magister
1178 968 1263 1034 Vini-

17 1122 19 1129 ‹
57 1100 145 1143 anus
174 1100 275 1164 super
303 1078 368 1165 ipsa
390 1098 456 1143 eum
480 1080 675 1164 possessione
709 1077 834 1163 pacifice
859 1096 1013 1141 remanere
1047 1099 1105 1142 non
1137 1078 1263 1153 sinebat,

17 1220 19 1237 ε
56 1188 202 1254 tandem
221 1190 283 1252 tale
304 1188 465 1254 remedium
482 1187 587 1273 probis
604 1188 675 1251 viris
696 1183 963 1251 intervenientibus
990 1193 1037 1251 est
1051 1188 1213 1265 inuentum,
1233 1194 1265 1252 ut

17 1338 20 1347 Δ
58 1296 155 1361 idem
174 1296 311 1361 Alardus
327 1296 445 1360 domino
460 1298 537 1381 regi,
555 1303 585 1360 et
598 1298 660 1360 suis
676 1294 899 1366 adherentibus,
923 1296 1068 1381 precipue
1088 1296 1145 1381 ipsi
1167 1298 1264 1377 magi-

16 1454 17 1459 1
57 1412 131 1470 stro
147 1404 287 1471 Viniann
300 1426 386 1470 omne
398 1405 551 1470 fidelitatis
564 1402 738 1490 obsequium
750 1406 948 1489 repromittat,
960 1425 1018 1490 quo
1030 1406 1109 1470 iacto
1121 1406 1265 1487 magister

60 1517 232 1581 Vinianus
265 1515 438 1599 sepedictus
475 1514 635 1579 coufessus
668 1520 716 1579 est
744 1534 844 1579 coram
871 1514 958 1578 nobis
989 1512 1027 1579 ab
1053 1515 1266 1599 inquietatione

59 1622 183 1689 Alardi
203 1623 335 1707 sepefati
352 1624 468 1689 omnino
485 1644 608 1688 cessare
630 1627 660 1687 et
681 1642 748 1687 cum
770 1623 801 1685 in
817 1621 943 1706 pacilica
964 1624 1157 1706 possessione
1171 1625 1266 1708 ipsius

59 1740 160 1797 terre
179 1730 300 1815 Godym
316 1752 473 1796 reservare
489 1730 544 1795 sub
561 1731 675 1795 eisdem
691 1731 791 1802 metis,
807 1735 838 1794 et
853 1732 998 1804 terminis,
1016 1731 1123 1816 quibus
1139 1732 1216 1815 ipse,
1233 1735 1266 1795 et

59 1842 320 1929 predecessores
342 1841 388 1904 sui
405 1846 568 1905 noscuntur
583 1840 754 1925 possedisse
774 1840 896 1911 tamdm
923 1837 1021 1903 donec
1042 1840 1117 1905 fines
1138 1840 1266 1924 promis·

15 2006 17 2010 .
61 1954 199 2016 sinuum
233 1970 351 2014 suarum
380 1969 480 2014 eoram
509 1948 594 2013 nobis
622 1949 766 2013 laetarum
801 1968 859 2011 noo
882 1948 1018 2013 excedet.
1053 1950 1085 2012 ln
1111 1949 1197 2031 cujus
1219 1949 1266 2013 rei

63 2060 263 2125 memoriam
289 2063 320 2123 et
342 2059 422 2123 lacte
453 2057 646 2122 ordinationis
672 2056 851 2130 firmitatem,
878 2057 916 2119 ad
943 2059 1112 2121 instantiam
1137 2059 1266 2141 partium

62 2176 202 2235 nostras
221 2169 423 2232 concessimus
440 2166 552 2239 literas,
566 2164 666 2249 sigillo
679 2171 780 2230 nostro
796 2168 1000 2248 consignatas.
1016 2165 1125 2230 Datum
1140 2166 1265 2231 infesto

61 2280 95 2344 b.
113 2277 341 2361 Bartholomey
353 2296 430 2339 anno
440 2274 550 2339 domini
563 2274 716 2338 millesimo
731 2274 936 2340 ducentesimo
952 2276 1264 2361 nonagesimoquioto.

591 2444 754 2519 cxcvssn

636 2580 715 2639 1295.

170 2712 218 2773 lta
246 2730 300 2773 ons
328 2710 449 2774 orrendi
477 2710 610 2776 criminis
642 2704 781 2773 atrocitas
810 2707 1038 2793 plebesanorum
1064 2709 1104 2774 de
1130 2710 1267 2774 inferiori

70 2816 411 2903 Waldorfadstringit,
428 2825 460 2882 ut
475 2818 717 2903 parricidialibus
734 2818 879 2904 exemplis
895 2817 1080 2883 detestemur
1097 2820 1218 2884 eosdem
1236 2823 1268 2882 et

65 2928 244 2995 ecelesiam
271 2927 435 2992 eorundem
467 2933 627 3011 utcumque
650 2928 838 3000 destitutam,
861 2926 1062 2993 iudicaremus
1084 2928 1267 2993 desolacioni

69 3035 368 3119 derelinquendam.
394 3035 520 3101 Scilicet
546 3055 600 3100 nos
621 3036 735 3101 Petrae
760 3036 959 3103 miseracione
979 3036 1077 3101 diuina
1105 3037 1269 3121 episcopus

70 3144 318 3211 'l'ramsdvanus
334 3164 437 3210 eorum
452 3145 630 3229 sacrilegam
647 3144 890 3209 consuetudinem
905 3144 1110 3220 declinantes,
1126 3146 1266 3228 religioni

74 3253 299 3321 ecclesiastice
313 3253 447 3317 dudmus
464 3252 686 3326 considendum,
708 3257 740 3318 vt
754 3254 879 3337 priuatis
894 3254 978 3339 ipsis,
994 3254 1045 3341 qui
1059 3256 1143 3320 t'erro
1156 3275 1267 3319 necare

73 3364 258 3429 didicerunt
286 3367 421 3449 pastores
449 3367 480 3427 et
510 3364 679 3436 ministros,
710 3365 850 3448 eoquod
875 3365 952 3429 dnos
978 3365 1153 3429 successive
1173 3365 1269 3431 inter-

75 3476 226 3539 fecerent
251 3474 442 3546 sacerdotes,
470 3478 625 3538 curatores
653 3472 771 3537 scilicet
797 3494 915 3538 suarum
941 3477 1102 3540 animarum
1123 3482 1153 3541 et
1180 3496 1267 3541 vnum

77 3580 238 3655 clericum,
252 3582 319 3663 jure
336 3580 540 3665 presentandi,
560 3602 646 3667 quam
663 3602 699 3645 ex
710 3584 923 3649 consuetudine
938 3591 1019 3649 terre
1034 3585 1213 3661 retinebant,
1231 3583 1267 3649 ab

78 3690 274 3755 extrinsecus
290 3691 397 3776 positis
415 3689 633 3763 sacerdotibus,
648 3690 788 3756 videlicet
803 3714 819 3755 a
836 3693 990 3777 capellano
1009 3695 1147 3776 magistri
1162 3696 1269 3780 hospi·

75 3801 155 3864 talis
171 3799 210 3862 de
221 3800 371 3883 Byztriee,
390 3802 438 3865 cui
455 3800 594 3885 hospitali
611 3799 770 3866 ecclesiam
787 3802 911 3866 eandem
925 3823 990 3867 cum
1003 3804 1137 3868 omnibus
1148 3804 1269 3886 juribus

79 3908 162 3981 suis,
179 3908 268 3972 salcis
287 3917 384 3973 tamen
400 3910 457 3973 hiis
474 3929 532 3993 que
549 3910 634 3974 nobis
648 3908 685 3973 ab
702 3910 806 3973 endem
824 3911 953 3975 ecclesia
966 3912 1123 3988 debentur,
1142 3935 1270 3998 presen-

78 4018 167 4083 tibus
188 4016 366 4092 subicimus,
390 4027 421 4082 et
442 4019 605 4084 subiectam
628 4040 697 4083 esse
722 4020 904 4084 ostendimus
921 4021 1121 4103 gubernetur,
1143 4028 1175 4087 rt
1194 4025 1269 4087 tanti

78 4125 197 4191 furoris
214 4128 337 4190 materia
353 4126 554 4200 subtrahatur,
581 4129 606 4190 si
629 4148 769 4211 persona,
786 4132 815 4193 in
831 4150 918 4213 quam
934 4134 1031 4215 possit
1046 4130 1103 4197 bec
1119 4132 1268 4196 acerbitas

80 4234 269 4320 perpetrari,
288 4236 456 4298 consistens
472 4233 582 4299 ibidem
599 4236 739 4309 deluerit,
756 4236 804 4301 vel
823 4237 943 4303 deliciet
958 4244 989 4303 et
1003 4242 1035 4303 io
1051 4260 1148 4326 quem,
1170 4241 1218 4303 nel
1239 4240 1270 4303 in

81 4364 163 4430 quos
179 4344 304 4408 ulterius
317 4344 481 4417 deseviant,
500 4366 557 4409 non
573 4345 734 4411 habebunt.
754 4348 851 4431 Egeat
865 4349 966 4434 itaque
978 4350 1092 4435 proprii
1103 4350 1270 4414 sacerdotis

82 4452 245 4535 subsidijs,
268 4452 323 4517 sed
346 4472 404 4517 non
426 4452 545 4517 deficiat
565 4455 683 4519 aliunde
698 4455 908 4540 prestolandis.
934 4456 1062 4541 Propter
1075 4458 1202 4541 quodtu
1217 4457 1271 4521 tilii

81 4564 232 4647 magister
247 4562 403 4647 hospitalis
420 4562 567 4647 predicte,
585 4563 717 4629 ecclesie
742 4566 772 4629 in
794 4566 851 4631 boc
867 4572 947 4633 statu
961 4567 1060 4651 posite
1075 4568 1269 4633 ministerium
