3150 5092
580 346 681 420 90

572 523 691 587 Has
725 544 865 589 vero
906 527 1326 608 possessiones
1358 529 1797 610 prenominatas
1833 547 2035 591 comes
2067 526 2278 598 Rotho,
2324 531 2388 589 et
2419 544 2627 588 omnes
2662 521 2754 584 sui
2806 535 3015 581 con-

572 634 880 715 sangvinei
935 638 996 696 et
1049 633 1308 699 heredes
1363 635 1599 699 comitis
1654 636 2089 708 Heuchmanni,
2145 639 2205 697 ct
2258 633 2380 697 filia
2438 654 2547 697 sua
2591 629 3011 710 Margareta

573 760 776 805 coram
813 741 985 805 nobis
1020 746 1080 804 et
1112 742 1255 805 viris
1290 743 1590 824 religiosis
1622 744 1908 808 fratribus
1947 741 2273 806 minoribus
2308 748 2371 805 et
2394 740 2631 804 domiuo
2674 736 3013 802 cruciato
3077 750 3079 752 ·

572 851 760 915 fratre
793 851 1039 914 Detrico
1073 849 1266 915 libere
1298 857 1358 916 et
1391 852 1751 916 hereditarie
1786 854 1984 916 comiti
2019 852 2301 924 Henrico,
2336 850 2455 914 filio
2491 845 2822 911 Brendlini
2843 892 2867 916 ,
2934 847 3016 905 et

573 958 697 1022 auis
728 957 1055 1023 heredibus
1100 959 1460 1025 heredumve
1497 960 1953 1026 successoribus
2004 961 2457 1042 resignaverunt
2480 958 2618 1040 jure
2647 959 3011 1040 perpetuo

577 1066 907 1150 possidere,
923 1068 1038 1131 hoc
1065 1073 1258 1132 autem
1284 1070 1543 1152 adjecto,
1569 1069 1727 1155 quod
1756 1090 1957 1133 comes
1977 1068 2207 1140 Heuch,
2241 1089 2355 1132 non
2382 1069 2475 1131 sui
2492 1066 2757 1130 heredes
2784 1061 3009 1150 (sic)

577 1198 757 1258 super
793 1175 1054 1263 reliquas
1088 1178 1531 1260 possessiones,
1590 1182 1651 1241 et
1705 1177 1965 1241 heredes
1999 1178 2236 1241 comitis
2280 1175 2692 1241 Heuchmanni
2724 1172 3011 1236 nullam

573 1285 995 1366 querimoniam
1042 1286 1296 1369 possint,
1348 1307 1461 1350 nec
1495 1285 1753 1349 debeant
1783 1305 2160 1371 promovere,
2207 1285 2308 1371 qui
2341 1286 2498 1349 sicut
2531 1283 2775 1353 dicitur,
2820 1281 3009 1366 quia

573 1414 773 1458 cumas
813 1392 1264 1458 Heuchmannus
1297 1395 1607 1479 pecuniam
1639 1393 1848 1459 Hench
1897 1394 2131 1457 comitis
2179 1394 2282 1457 filii
2315 1393 2625 1457 Brendlini
2671 1391 3009 1475 recepis-

573 1510 701 1574 set]
737 1505 846 1566 hec
881 1503 1073 1565 omnia
1112 1504 1267 1566 inter
1298 1504 1462 1588 ipsos
1496 1513 1745 1588 utraque
1775 1508 1948 1588 parte
1981 1509 2121 1567 sunt
2154 1502 2471 1587 abnegata,
2525 1506 2588 1564 et
2618 1504 3000 1583 perpetua-

569 1610 709 1674 liter
741 1612 968 1683 sedata,
993 1612 1147 1696 quod
1183 1633 1474 1699 nunquam
1508 1613 1791 1677 seruatim
1828 1612 1925 1698 (⁴3)
1963 1610 2188 1674 debent
2219 1631 2526 1675 revocare.
2579 1609 2706 1670 Nos
2740 1609 2995 1690 igitur,

569 1722 661 1802 qui
693 1722 963 1798 judices,
1014 1726 1073 1783 et
1098 1721 1282 1804 jurati
1316 1722 1669 1784 auctoritate
1700 1722 1869 1802 regia
1905 1741 2110 1784 sumus
2145 1721 2486 1791 constituti,
2536 1723 2604 1781 ut
2645 1715 2813 1801 quod
2851 1735 2990 1779 ore

565 1850 765 1890 curam
833 1827 1000 1892 nobis
1061 1828 1266 1902 locuti,
1323 1848 1465 1893 vero
1523 1835 1585 1892 et
1620 1829 1788 1910 justo
1834 1829 2175 1892 testimonio
2210 1848 2327 1892 non
2371 1826 2759 1908 infringatur,
2835 1844 2980 1888 uec

565 1938 805 2018 infringi
848 1939 1058 2019 possit,
1093 1958 1275 2021 super
1306 1939 1491 2022 ipsam
1525 1940 1973 2002 conventionem
2006 1941 2069 2000 et
2100 1938 2462 2022 emptionem
2495 1936 2657 1999 inter
2692 1935 2975 1998 comites

565 2042 881 2106 Heni-icum
915 2044 1098 2106 filium
1155 2044 1499 2117 Brendleni‚
1558 2051 1618 2108 et
1673 2043 2007 2109 Rothonem
2053 2051 2249 2119 ortas,
2311 2050 2613 2109 eteorum
2648 2043 2973 2111 heredes,

565 2150 911 2214 coiitulimus
956 2152 1161 2216 literas
1196 2160 1430 2217 nostras
1459 2154 1519 2215 in
1553 2153 1979 2227 testimonium,
2025 2154 2137 2218 sub
2184 2155 2508 2219 munimine
2554 2152 2745 2234 sigilli
2778 2171 2976 2214 com-

565 2258 862 2322 munitatis
908 2261 1122 2324 civium
1155 2262 1484 2327 roboratas,
1539 2262 1751 2326 Datum
1788 2266 1849 2326 in
1882 2262 2110 2335 Rodna,
2161 2264 2222 2325 in
2266 2263 2472 2344 vigilia
2507 2260 2750 2323 Thome
2794 2279 2973 2342 apo-

561 2366 717 2426 stoli.
765 2370 929 2433 Anno
965 2368 1036 2431 ab
1071 2369 1476 2434 incarnatione
1509 2371 1729 2435 domini
1761 2370 2027 2435 MCCLX
2061 2376 2299 2436 octavo.

1659 2557 1821 2627 XCI.

1659 2693 1818 2748 1268.

737 2798 1075 2880 Stephanus
1119 2801 1234 2864 Dei
1277 2803 1487 2882 gratia,
1542 2805 1737 2867 iunior
1780 2824 1884 2867 rex
1933 2804 2265 2884 Hungarie,
2326 2802 2445 2865 dux
2477 2802 2948 2873 Transilvanus,

557 2906 825 2966 domiuus
865 2904 1278 2981 Cumanorum,
1323 2909 1596 2973 omnibus
1629 2909 1851 2974 Christi
1895 2910 2199 2983 fidelibus,
2261 2916 2614 2996 presentem
2663 2911 2957 2996 paginam

553 3012 935 3094 inspecturis,
972 3012 1223 3079 salutem
1257 3017 1315 3080 in
1348 3018 1607 3081 omnium
1641 3019 1961 3083 salvatore.
2010 3019 2207 3083 Justis
2241 3019 2579 3103 petentium
2615 3019 2955 3083 desideriis

553 3118 817 3202 prebere
848 3140 1156 3183 assensum
1189 3123 1282 3186 ius
1325 3133 1642 3198 ammonet,
1677 3131 1740 3190 et
1779 3127 1973 3210 pietas
2006 3128 2280 3211 requirit,
2316 3127 2435 3190 hoc
2468 3127 2632 3190 idem
2685 3126 2959 3211 postulat

553 3226 697 3289 ordo
733 3226 896 3290 iuris.
949 3227 1096 3289 Hinc
1129 3239 1241 3302 est,
1277 3231 1433 3318 quod
1470 3234 1884 3298 universorum
1930 3237 2141 3299 notitie
2188 3234 2399 3298 harum
2446 3236 2990 3312 serie.declara-‚

553 3354 705 3402 mus,
741 3334 892 3414 quod
919 3336 1278 3400 venerabilis
1304 3343 1474 3423 pater
1503 3340 1732 3414 Gallus,
1768 3343 1867 3405 dei
1901 3345 2104 3424 gratie
2137 3343 2469 3426 episcopus
2484 3344 2954 3414 Transilvanus,

549 3442 622 3502 ad
685 3446 943 3502 nostram
998 3445 1339 3509 accedendo
1395 3450 1755 3531 presentiam
1809 3451 2197 3533 privilegium
2255 3451 2481 3515 domini
2515 3453 2710 3536 regis,
2757 3453 2954 3537 patris

549 3546 741 3610 nostri
777 3546 1066 3611 karissimi
1101 3550 1383 3623 exhibuit,
1429 3564 1757 3619 emanatum
1796 3579 1979 3643 super
2012 3559 2297 3623 libertate
2341 3562 2725 3643 quarundam
2772 3559 2954 3624 villa-

549 3674 677 3714 rum
713 3654 975 3717 ecclesie
1007 3677 1134 3728 sue,
1190 3664 1398 3739 petens
1447 3662 1772 3728 humillime
1806 3673 1867 3726 et
1899 3666 2141 3738 devote,
2189 3672 2256 3731 ut
2304 3670 2506 3751 ipsum
2552 3668 2955 3754 privilegium

553 3758 908 3823 confirmare
949 3752 1343 3843 dignaremur,
1392 3775 1723 3833 nostrarum
1756 3775 2098 3853 patrocinio
2145 3775 2523 3853 litterarum,
2562 3779 2741 3842 cuius
2776 3783 2956 3841 tenor

549 3866 685 3926 talis
721 3874 845 3928 est:
881 3865 1081 3951 (siehe
1107 3870 1249 3934 Urk.
1277 3874 1468 3946 LXIII,
1508 3874 1704 3951 1246,
1742 3883 1779 3943 6
1817 3879 1991 3962 Mai).

733 3970 915 4050 Igitur
945 3975 1280 4056 peticiones
1312 3983 1578 4046 eiusdem
1611 3986 1974 4051 venerahilis
2026 3993 2221 4073 patris
2271 3993 2669 4059 attendentes
2703 3999 2769 4058 et
2802 4014 2953 4060 con-

549 4078 882 4141 siderantes
915 4081 1044 4143 fore
1077 4082 1262 4147 iustas
1297 4094 1359 4151 et
1388 4087 1705 4172 legitimas,
1741 4094 1803 4154 in
1836 4094 1950 4158 hac
1984 4103 2161 4179 parte
2194 4099 2479 4166 duximus
2506 4102 2952 4172 admittendam

549 4186 741 4262 ipsum
777 4185 1150 4268 privilegium
1193 4190 1490 4259 karissimi
1530 4199 1719 4280 patris
1757 4204 1946 4266 nostri
1993 4208 2374 4288 presentium
2411 4210 2769 4293 patrocinio
2805 4232 2949 4275 con-

549 4286 850 4349 firmando.
899 4291 976 4354 Ut
1005 4295 1187 4374 igitur
1218 4299 1332 4365 hec
1374 4309 1576 4368 nostra
1630 4308 2003 4376 confirmatio
2037 4350 2126 4362 -
2160 4353 2250 4364 —-
2288 4316 2511 4383 Datum
2558 4339 2679 4403 per
2736 4339 2945 4384 manus

549 4394 813 4466 magistri
845 4395 1185 4474 Benedicti,
1228 4413 1523 4493 prepositi
1556 4411 1942 4493 Orodiensis,
1988 4420 2127 4486 aule
2160 4429 2376 4490 nostre
2410 4426 2942 4494 vicecancellarii.

553 4497 713 4562 Auno
749 4498 965 4569 domini
999 4505 1411 4582 MCCLXVIII.
