<?xml version="1.0" encoding="UTF-8"?>
<!DOCTYPE html PUBLIC "-//W3C//DTD XHTML 1.0 Transitional//EN"
    "http://www.w3.org/TR/xhtml1/DTD/xhtml1-transitional.dtd">
<html xmlns="http://www.w3.org/1999/xhtml" xml:lang="en" lang="en">
 <head>
  <title>
</title>
<meta http-equiv="Content-Type" content="text/html;charset=utf-8" />
  <meta name='ocr-system' content='tesseract 3.04.00' />
  <meta name='ocr-capabilities' content='ocr_page ocr_carea ocr_par ocr_line ocrx_word'/>
</head>
<body>
  <div class='ocr_page' id='page_1' title='image "./fontesrerumaust26kommgoog_0186.png"; bbox 0 0 3150 5092; ppageno 0'>
   <div class='ocr_carea' id='block_1_1' title="bbox 630 352 729 422">
    <p class='ocr_par' dir='ltr' id='par_1_1' title="bbox 630 352 729 422">
     <span class='ocr_line' id='line_1_1' title="bbox 630 352 729 422; baseline 0 0"><span class='ocrx_word' id='word_1_1' title='bbox 630 352 729 422; x_wconf 82' lang='lat'><strong>92</strong></span> 
     </span>
    </p>
   </div>
   <div class='ocr_carea' id='block_1_2' title="bbox 623 527 3015 1051">
    <p class='ocr_par' dir='ltr' id='par_1_2' title="bbox 623 527 3015 1051">
     <span class='ocr_line' id='line_1_2' title="bbox 629 527 3015 613; baseline 0 -23"><span class='ocrx_word' id='word_1_2' title='bbox 629 527 904 592; x_wconf 79' lang='lat' dir='ltr'><strong>omnibus</strong></span> <span class='ocrx_word' id='word_1_3' title='bbox 940 528 1297 593; x_wconf 81' lang='lat' dir='ltr'><strong>officialibus</strong></span> <span class='ocrx_word' id='word_1_4' title='bbox 1330 529 1573 601; x_wconf 89' lang='lat' dir='ltr'><strong>nostris,</strong></span> <span class='ocrx_word' id='word_1_5' title='bbox 1611 533 1673 592; x_wconf 91' lang='lat' dir='ltr'><strong>et</strong></span> <span class='ocrx_word' id='word_1_6' title='bbox 1704 528 1779 592; x_wconf 89' lang='lat' dir='ltr'><strong>ab</strong></span> <span class='ocrx_word' id='word_1_7' title='bbox 1812 528 2082 593; x_wconf 91' lang='lat' dir='ltr'><strong>omnibus</strong></span> <span class='ocrx_word' id='word_1_8' title='bbox 2125 529 2471 613; x_wconf 82' lang='lat' dir='ltr'><strong>woyauodis</strong></span> <span class='ocrx_word' id='word_1_9' title='bbox 2513 550 2584 592; x_wconf 88' lang='lat' dir='ltr'><strong>ac</strong></span> <span class='ocrx_word' id='word_1_10' title='bbox 2631 527 3015 592; x_wconf 84' lang='lat' dir='ltr'><strong>officialibus</strong></span> 
     </span>
     <span class='ocr_line' id='line_1_3' title="bbox 629 637 3012 723; baseline 0 -25"><span class='ocrx_word' id='word_1_11' title='bbox 629 637 980 709; x_wconf 60' lang='lat' dir='ltr'><strong>ens-undem,</strong></span> <span class='ocrx_word' id='word_1_12' title='bbox 1032 637 1429 702; x_wconf 85' lang='lat' dir='ltr'><strong>relaxauimus</strong></span> <span class='ocrx_word' id='word_1_13' title='bbox 1477 639 1725 722; x_wconf 89' lang='lat' dir='ltr'><strong>insuper</strong></span> <span class='ocrx_word' id='word_1_14' title='bbox 1770 639 1967 703; x_wconf 89' lang='lat' dir='ltr'><strong>eidem</strong></span> <span class='ocrx_word' id='word_1_15' title='bbox 2024 639 2320 723; x_wconf 87' lang='lat' dir='ltr'><strong>capitulo,</strong></span> <span class='ocrx_word' id='word_1_16' title='bbox 2377 659 2610 702; x_wconf 89' lang='lat' dir='ltr'><strong>omnem</strong></span> <span class='ocrx_word' id='word_1_17' title='bbox 2674 639 3012 702; x_wconf 80' lang='lat' dir='ltr'><strong>collectam</strong></span> 
     </span>
     <span class='ocr_line' id='line_1_4' title="bbox 629 746 3007 833; baseline 0 -23"><span class='ocrx_word' id='word_1_18' title='bbox 629 746 892 830; x_wconf 72' lang='lat' dir='ltr'><strong>regalem</strong></span> <span class='ocrx_word' id='word_1_19' title='bbox 927 770 957 811; x_wconf 87' lang='lat' dir='ltr'><strong>a</strong></span> <span class='ocrx_word' id='word_1_20' title='bbox 992 748 1231 832; x_wconf 90' lang='lat' dir='ltr'><strong>populis</strong></span> <span class='ocrx_word' id='word_1_21' title='bbox 1264 748 1408 820; x_wconf 78' lang='lat' dir='ltr'><strong>suiS,</strong></span> <span class='ocrx_word' id='word_1_22' title='bbox 1443 769 1552 832; x_wconf 91' lang='lat' dir='ltr'><strong>pro</strong></span> <span class='ocrx_word' id='word_1_23' title='bbox 1599 758 1874 831; x_wconf 89' lang='lat' dir='ltr'><strong>tempore</strong></span> <span class='ocrx_word' id='word_1_24' title='bbox 1906 749 2116 833; x_wconf 90' lang='lat' dir='ltr'><strong>quouis</strong></span> <span class='ocrx_word' id='word_1_25' title='bbox 2159 751 2644 832; x_wconf 85' lang='lat' dir='ltr'><strong>prouenientem,</strong></span> <span class='ocrx_word' id='word_1_26' title='bbox 2692 756 3007 832; x_wconf 87' lang='lat' dir='ltr'><strong>perpetuo</strong></span> 
     </span>
     <span class='ocr_line' id='line_1_5' title="bbox 623 857 3005 942; baseline 0.001 -24"><span class='ocrx_word' id='word_1_27' title='bbox 623 866 681 918; x_wconf 65' lang='lat' dir='ltr'><strong>ut</strong></span> <span class='ocrx_word' id='word_1_28' title='bbox 717 858 1070 921; x_wconf 78' lang='lat' dir='ltr'><strong>inconcusse</strong></span> <span class='ocrx_word' id='word_1_29' title='bbox 1103 858 1537 941; x_wconf 87' lang='lat' dir='ltr'><strong>promittentes,</strong></span> <span class='ocrx_word' id='word_1_30' title='bbox 1570 862 1638 920; x_wconf 90' lang='lat' dir='ltr'><strong>ut</strong></span> <span class='ocrx_word' id='word_1_31' title='bbox 1668 857 2137 942; x_wconf 83' lang='lat' dir='ltr'><strong>quandocunque</strong></span> <span class='ocrx_word' id='word_1_32' title='bbox 2183 865 2503 941; x_wconf 82' lang='lat' dir='ltr'><strong>presentes</strong></span> <span class='ocrx_word' id='word_1_33' title='bbox 2548 857 2719 922; x_wconf 91' lang='lat' dir='ltr'><strong>nobis</strong></span> <span class='ocrx_word' id='word_1_34' title='bbox 2764 859 3005 922; x_wconf 84' lang='lat' dir='ltr'><strong>fuerint</strong></span> 
     </span>
     <span class='ocr_line' id='line_1_6' title="bbox 625 965 3005 1051; baseline 0 -23"><span class='ocrx_word' id='word_1_35' title='bbox 625 970 951 1048; x_wconf 65' lang='lat' dir='ltr'><strong>reportate,</strong></span> <span class='ocrx_word' id='word_1_36' title='bbox 984 965 1366 1049; x_wconf 88' lang='lat' dir='ltr'><strong>priuilegium</strong></span> <span class='ocrx_word' id='word_1_37' title='bbox 1401 972 1663 1030; x_wconf 87' lang='lat' dir='ltr'><strong>nostrum</strong></span> <span class='ocrx_word' id='word_1_38' title='bbox 1698 987 1881 1050; x_wconf 90' lang='lat' dir='ltr'><strong>super</strong></span> <span class='ocrx_word' id='word_1_39' title='bbox 1913 967 2142 1030; x_wconf 87' lang='lat' dir='ltr'><strong>eisdem</strong></span> <span class='ocrx_word' id='word_1_40' title='bbox 2201 967 2624 1032; x_wconf 87' lang='lat' dir='ltr'><strong>donacionibus</strong></span> <span class='ocrx_word' id='word_1_41' title='bbox 2670 969 2793 1051; x_wconf 88' lang='lat' dir='ltr'><strong>ipsi</strong></span> <span class='ocrx_word' id='word_1_42' title='bbox 2829 969 3005 1051; x_wconf 88' lang='lat' dir='ltr'><strong>capi-</strong></span> 
     </span>
    </p>
   </div>
   <div class='ocr_carea' id='block_1_3' title="bbox 625 1074 3000 1250">
    <p class='ocr_par' dir='ltr' id='par_1_3' title="bbox 625 1074 3000 1250">
     <span class='ocr_line' id='line_1_7' title="bbox 625 1074 3000 1158; baseline 0.001 -20"><span class='ocrx_word' id='word_1_43' title='bbox 625 1078 745 1138; x_wconf 75' lang='lat' dir='ltr'><strong>tulo</strong></span> <span class='ocrx_word' id='word_1_44' title='bbox 806 1074 1223 1139; x_wconf 81' lang='lat' dir='ltr'><strong>concedemus.</strong></span> <span class='ocrx_word' id='word_1_45' title='bbox 1277 1074 1485 1138; x_wconf 81' lang='lat' dir='ltr'><strong>Datum</strong></span> <span class='ocrx_word' id='word_1_46' title='bbox 1539 1075 1705 1140; x_wconf 87' lang='lat' dir='ltr'><strong>Bude</strong></span> <span class='ocrx_word' id='word_1_47' title='bbox 1761 1077 1821 1139; x_wconf 91' lang='lat' dir='ltr'><strong>in</strong></span> <span class='ocrx_word' id='word_1_48' title='bbox 1874 1079 2103 1140; x_wconf 81' lang='lat' dir='ltr'><strong>octavis</strong></span> <span class='ocrx_word' id='word_1_49' title='bbox 2159 1077 2408 1158; x_wconf 81' lang='lat' dir='ltr'><strong>Georgii</strong></span> <span class='ocrx_word' id='word_1_50' title='bbox 2467 1077 2754 1140; x_wconf 88' lang='lat' dir='ltr'><strong>martiris.</strong></span> <span class='ocrx_word' id='word_1_51' title='bbox 2824 1079 3000 1141; x_wconf 87' lang='lat' dir='ltr'><strong>Anno</strong></span> 
     </span>
     <span class='ocr_line' id='line_1_8' title="bbox 629 1182 1515 1250; baseline 0.002 -4"><span class='ocrx_word' id='word_1_52' title='bbox 629 1185 844 1248; x_wconf 56' lang='lat' dir='ltr'><strong>*lanuini</strong></span> <span class='ocrx_word' id='word_1_53' title='bbox 879 1182 1115 1248; x_wconf 87' lang='lat' dir='ltr'><strong>M⁰CC⁰.</strong></span> <span class='ocrx_word' id='word_1_54' title='bbox 1150 1185 1301 1248; x_wconf 79' lang='lat' dir='ltr'><strong>LX0.</strong></span> <span class='ocrx_word' id='word_1_55' title='bbox 1339 1204 1515 1250; x_wconf 90' lang='lat' dir='ltr'><strong>nono.</strong></span> 
     </span>
    </p>
   </div>
   <div class='ocr_carea' id='block_1_4' title="bbox 1690 1372 1908 1564">
    <p class='ocr_par' dir='ltr' id='par_1_4' title="bbox 1690 1372 1908 1564">
     <span class='ocr_line' id='line_1_9' title="bbox 1690 1372 1908 1442; baseline 0.009 -2"><span class='ocrx_word' id='word_1_56' title='bbox 1690 1372 1908 1442; x_wconf 87' lang='lat' dir='ltr'><strong>XCIV.</strong></span> 
     </span>
     <span class='ocr_line' id='line_1_10' title="bbox 1725 1509 1881 1564; baseline 0 -1"><span class='ocrx_word' id='word_1_57' title='bbox 1725 1509 1881 1564; x_wconf 81' lang='lat'><strong>1269.</strong></span> 
     </span>
    </p>
   </div>
   <div class='ocr_carea' id='block_1_5' title="bbox 621 1621 3001 4649">
    <p class='ocr_par' dir='ltr' id='par_1_5' title="bbox 621 1621 3001 4649">
     <span class='ocr_line' id='line_1_11' title="bbox 798 1621 2993 1706; baseline 0.001 -22"><span class='ocrx_word' id='word_1_58' title='bbox 798 1622 941 1687; x_wconf 87' lang='lat' dir='ltr'><strong>Bela</strong></span> <span class='ocrx_word' id='word_1_59' title='bbox 986 1623 1098 1687; x_wconf 91' lang='lat' dir='ltr'><strong>Dei</strong></span> <span class='ocrx_word' id='word_1_60' title='bbox 1145 1623 1340 1705; x_wconf 87' lang='lat' dir='ltr'><strong>gratia</strong></span> <span class='ocrx_word' id='word_1_61' title='bbox 1395 1622 1731 1706; x_wconf 86' lang='lat' dir='ltr'><strong>Hungarie,</strong></span> <span class='ocrx_word' id='word_1_62' title='bbox 1787 1621 2111 1693; x_wconf 84' lang='lat' dir='ltr'><strong>Dalmatie,</strong></span> <span class='ocrx_word' id='word_1_63' title='bbox 2168 1621 2410 1685; x_wconf 84' lang='lat' dir='ltr'><strong>Croatio</strong></span> <span class='ocrx_word' id='word_1_64' title='bbox 2453 1643 2561 1686; x_wconf 81' lang='lat' dir='ltr'><strong>rex</strong></span> <span class='ocrx_word' id='word_1_65' title='bbox 2621 1628 2740 1685; x_wconf 86' lang='lat' dir='ltr'><strong>etc.</strong></span> <span class='ocrx_word' id='word_1_66' title='bbox 2798 1627 2993 1686; x_wconf 86' lang='lat' dir='ltr'><strong>omni-</strong></span> 
     </span>
     <span class='ocr_line' id='line_1_12' title="bbox 625 1730 2996 1814; baseline 0 -20"><span class='ocrx_word' id='word_1_67' title='bbox 625 1730 733 1794; x_wconf 75' lang='lat' dir='ltr'><strong>bus</strong></span> <span class='ocrx_word' id='word_1_68' title='bbox 787 1737 1104 1814; x_wconf 86' lang='lat' dir='ltr'><strong>presentes</strong></span> <span class='ocrx_word' id='word_1_69' title='bbox 1155 1731 1385 1796; x_wconf 87' lang='lat' dir='ltr'><strong>litteras</strong></span> <span class='ocrx_word' id='word_1_70' title='bbox 1436 1731 1799 1814; x_wconf 88' lang='lat' dir='ltr'><strong>inspecturis</strong></span> <span class='ocrx_word' id='word_1_71' title='bbox 1835 1730 2086 1793; x_wconf 87' lang='lat' dir='ltr'><strong>salutem</strong></span> <span class='ocrx_word' id='word_1_72' title='bbox 2130 1730 2193 1793; x_wconf 90' lang='lat' dir='ltr'><strong>in</strong></span> <span class='ocrx_word' id='word_1_73' title='bbox 2223 1731 2480 1793; x_wconf 91' lang='lat' dir='ltr'><strong>omnium</strong></span> <span class='ocrx_word' id='word_1_74' title='bbox 2526 1730 2850 1794; x_wconf 81' lang='lat' dir='ltr'><strong>salvatore.</strong></span> <span class='ocrx_word' id='word_1_75' title='bbox 2904 1731 2996 1794; x_wconf 84' lang='lat' dir='ltr'><strong>Ad</strong></span> 
     </span>
     <span class='ocr_line' id='line_1_13' title="bbox 625 1823 2995 1927; baseline -0.001 -21"><span class='ocrx_word' id='word_1_76' title='bbox 625 1846 1026 1907; x_wconf 67' lang='lat' dir='ltr'><strong>universorum</strong></span> <span class='ocrx_word' id='word_1_77' title='bbox 1060 1823 1330 1906; x_wconf 47' lang='lat' dir='ltr'><strong>&#39;notitiam</strong></span> <span class='ocrx_word' id='word_1_78' title='bbox 1374 1843 1580 1906; x_wconf 86' lang='lat' dir='ltr'><strong>harum</strong></span> <span class='ocrx_word' id='word_1_79' title='bbox 1630 1842 1791 1905; x_wconf 89' lang='lat' dir='ltr'><strong>serie</strong></span> <span class='ocrx_word' id='word_1_80' title='bbox 1825 1842 2093 1905; x_wconf 86' lang='lat' dir='ltr'><strong>volumus</strong></span> <span class='ocrx_word' id='word_1_81' title='bbox 2128 1842 2477 1927; x_wconf 86' lang='lat' dir='ltr'><strong>pervenire,</strong></span> <span class='ocrx_word' id='word_1_82' title='bbox 2521 1845 2678 1927; x_wconf 90' lang='lat' dir='ltr'><strong>quod</strong></span> <span class='ocrx_word' id='word_1_83' title='bbox 2710 1843 2995 1926; x_wconf 86' lang='lat' dir='ltr'><strong>hospites</strong></span> 
     </span>
     <span class='ocr_line' id='line_1_14' title="bbox 625 1952 2996 2042; baseline 0 -28"><span class='ocrx_word' id='word_1_84' title='bbox 625 1953 809 2016; x_wconf 5' lang='lat' dir='ltr'><strong>:urieli-i</strong></span> <span class='ocrx_word' id='word_1_85' title='bbox 857 1952 934 2017; x_wconf 92' lang='lat' dir='ltr'><strong>de</strong></span> <span class='ocrx_word' id='word_1_86' title='bbox 982 1953 1234 2042; x_wconf 71' lang='lat' dir='ltr'><strong>Fic&#39;zeyh</strong></span> <span class='ocrx_word' id='word_1_87' title='bbox 1286 1953 1422 2018; x_wconf 78' lang='lat' dir='ltr'><strong>Thu</strong></span> <span class='ocrx_word' id='word_1_88' title='bbox 1473 1956 1737 2017; x_wconf 89' lang='lat' dir='ltr'><strong>nostrum</strong></span> <span class='ocrx_word' id='word_1_89' title='bbox 1797 1953 2084 2016; x_wconf 80' lang='lat' dir='ltr'><strong>adeuntes</strong></span> <span class='ocrx_word' id='word_1_90' title='bbox 2145 1953 2513 2035; x_wconf 84' lang='lat' dir='ltr'><strong>presentiam</strong></span> <span class='ocrx_word' id='word_1_91' title='bbox 2581 1959 2996 2036; x_wconf 87' lang='lat' dir='ltr'><strong>exposuerunt</strong></span> 
     </span>
     <span class='ocr_line' id='line_1_15' title="bbox 621 2062 2996 2147; baseline 0.001 -25"><span class='ocrx_word' id='word_1_92' title='bbox 621 2062 815 2134; x_wconf 70' lang='lat' dir='ltr'><strong>nubis,</strong></span> <span class='ocrx_word' id='word_1_93' title='bbox 864 2062 1021 2147; x_wconf 91' lang='lat' dir='ltr'><strong>quod</strong></span> <span class='ocrx_word' id='word_1_94' title='bbox 1053 2069 1212 2126; x_wconf 86' lang='lat' dir='ltr'><strong>terra</strong></span> <span class='ocrx_word' id='word_1_95' title='bbox 1250 2064 1510 2147; x_wconf 89' lang='lat' dir='ltr'><strong>ipsorum</strong></span> <span class='ocrx_word' id='word_1_96' title='bbox 1544 2083 1734 2146; x_wconf 88' lang='lat' dir='ltr'><strong>pauca</strong></span> <span class='ocrx_word' id='word_1_97' title='bbox 1768 2066 1934 2126; x_wconf 90' lang='lat' dir='ltr'><strong>esset</strong></span> <span class='ocrx_word' id='word_1_98' title='bbox 1976 2069 2036 2126; x_wconf 89' lang='lat' dir='ltr'><strong>et</strong></span> <span class='ocrx_word' id='word_1_99' title='bbox 2081 2084 2195 2126; x_wconf 90' lang='lat' dir='ltr'><strong>non</strong></span> <span class='ocrx_word' id='word_1_100' title='bbox 2248 2063 2557 2126; x_wconf 88' lang='lat' dir='ltr'><strong>sufficeret</strong></span> <span class='ocrx_word' id='word_1_101' title='bbox 2598 2062 2731 2126; x_wconf 87' lang='lat' dir='ltr'><strong>usui</strong></span> <span class='ocrx_word' id='word_1_102' title='bbox 2766 2081 2996 2126; x_wconf 88' lang='lat' dir='ltr'><strong>eorun-</strong></span> 
     </span>
     <span class='ocr_line' id='line_1_16' title="bbox 621 2170 2992 2256; baseline 0 -22"><span class='ocrx_word' id='word_1_103' title='bbox 621 2170 784 2243; x_wconf 74' lang='lat' dir='ltr'><strong>dem,</strong></span> <span class='ocrx_word' id='word_1_104' title='bbox 862 2178 1141 2256; x_wconf 88' lang='lat' dir='ltr'><strong>petentes</strong></span> <span class='ocrx_word' id='word_1_105' title='bbox 1204 2194 1235 2234; x_wconf 87' lang='lat' dir='ltr'><strong>a</strong></span> <span class='ocrx_word' id='word_1_106' title='bbox 1302 2171 1473 2236; x_wconf 88' lang='lat' dir='ltr'><strong>nobis</strong></span> <span class='ocrx_word' id='word_1_107' title='bbox 1535 2171 1839 2235; x_wconf 88' lang='lat' dir='ltr'><strong>humiliter</strong></span> <span class='ocrx_word' id='word_1_108' title='bbox 1899 2171 2322 2255; x_wconf 88' lang='lat' dir='ltr'><strong>supplicando,</strong></span> <span class='ocrx_word' id='word_1_109' title='bbox 2388 2171 2541 2256; x_wconf 90' lang='lat' dir='ltr'><strong>quod</strong></span> <span class='ocrx_word' id='word_1_110' title='bbox 2606 2173 2666 2234; x_wconf 90' lang='lat' dir='ltr'><strong>in</strong></span> <span class='ocrx_word' id='word_1_111' title='bbox 2729 2170 2992 2256; x_wconf 87' lang='lat' dir='ltr'><strong>quadam</strong></span> 
     </span>
     <span class='ocr_line' id='line_1_17' title="bbox 621 2278 2991 2352; baseline 0.001 -10"><span class='ocrx_word' id='word_1_112' title='bbox 621 2286 781 2342; x_wconf 78' lang='lat' dir='ltr'><strong>terra</strong></span> <span class='ocrx_word' id='word_1_113' title='bbox 844 2278 1010 2345; x_wconf 64' lang='lat' dir='ltr'><strong>Chalc</strong></span> <span class='ocrx_word' id='word_1_114' title='bbox 1065 2282 1299 2346; x_wconf 88' lang='lat' dir='ltr'><strong>comitis</strong></span> <span class='ocrx_word' id='word_1_115' title='bbox 1354 2281 1431 2346; x_wconf 90' lang='lat' dir='ltr'><strong>de</strong></span> <span class='ocrx_word' id='word_1_116' title='bbox 1487 2282 1671 2347; x_wconf 77' lang='lat' dir='ltr'><strong>Vrbaz</strong></span> <span class='ocrx_word' id='word_1_117' title='bbox 1734 2280 1839 2345; x_wconf 86' lang='lat' dir='ltr'><strong>filii</strong></span> <span class='ocrx_word' id='word_1_118' title='bbox 1900 2280 2066 2345; x_wconf 85' lang='lat' dir='ltr'><strong>Chak</strong></span> <span class='ocrx_word' id='word_1_119' title='bbox 2120 2281 2291 2352; x_wconf 90' lang='lat' dir='ltr'><strong>bani,</strong></span> <span class='ocrx_word' id='word_1_120' title='bbox 2351 2280 2584 2345; x_wconf 87' lang='lat' dir='ltr'><strong>comitis</strong></span> <span class='ocrx_word' id='word_1_121' title='bbox 2639 2279 2991 2351; x_wconf 86' lang='lat' dir='ltr'><strong>Nitriensis‚</strong></span> 
     </span>
     <span class='ocr_line' id='line_1_18' title="bbox 621 2388 2995 2474; baseline 0 -24"><span class='ocrx_word' id='word_1_122' title='bbox 621 2390 790 2454; x_wconf 61' lang='lat' dir='ltr'><strong>Sum·</strong></span> <span class='ocrx_word' id='word_1_123' title='bbox 819 2395 1046 2461; x_wconf 85' lang='lat' dir='ltr'><strong>vocata,</strong></span> <span class='ocrx_word' id='word_1_124' title='bbox 1077 2396 1243 2455; x_wconf 87' lang='lat' dir='ltr'><strong>terre</strong></span> <span class='ocrx_word' id='word_1_125' title='bbox 1276 2391 1540 2474; x_wconf 89' lang='lat' dir='ltr'><strong>ipsorum</strong></span> <span class='ocrx_word' id='word_1_126' title='bbox 1574 2389 1875 2472; x_wconf 85' lang='lat' dir='ltr'><strong>contigua,</strong></span> <span class='ocrx_word' id='word_1_127' title='bbox 1923 2390 2009 2452; x_wconf 89' lang='lat' dir='ltr'><strong>eis</strong></span> <span class='ocrx_word' id='word_1_128' title='bbox 2047 2389 2431 2472; x_wconf 86' lang='lat' dir='ltr'><strong>dignaremur</strong></span> <span class='ocrx_word' id='word_1_129' title='bbox 2470 2388 2814 2474; x_wconf 85' lang='lat' dir='ltr'><strong>providere.</strong></span> <span class='ocrx_word' id='word_1_130' title='bbox 2865 2389 2995 2452; x_wconf 91' lang='lat' dir='ltr'><strong>Nos</strong></span> 
     </span>
     <span class='ocr_line' id='line_1_19' title="bbox 621 2497 2988 2584; baseline 0.001 -26"><span class='ocrx_word' id='word_1_131' title='bbox 621 2498 915 2582; x_wconf 71' lang='lat' dir='ltr'><strong>siquidem</strong></span> <span class='ocrx_word' id='word_1_132' title='bbox 963 2499 1504 2584; x_wconf 85' lang='lat' dir='ltr'><strong>supplicationibus</strong></span> <span class='ocrx_word' id='word_1_133' title='bbox 1559 2498 1888 2563; x_wconf 89' lang='lat' dir='ltr'><strong>eorundem</strong></span> <span class='ocrx_word' id='word_1_134' title='bbox 1941 2499 2242 2582; x_wconf 90' lang='lat' dir='ltr'><strong>hospitum</strong></span> <span class='ocrx_word' id='word_1_135' title='bbox 2306 2504 2639 2563; x_wconf 89' lang='lat' dir='ltr'><strong>nostrorum</strong></span> <span class='ocrx_word' id='word_1_136' title='bbox 2690 2497 2988 2569; x_wconf 90' lang='lat' dir='ltr'><strong>inclinati,</strong></span> 
     </span>
     <span class='ocr_line' id='line_1_20' title="bbox 621 2604 2992 2691; baseline 0 -24"><span class='ocrx_word' id='word_1_137' title='bbox 621 2610 864 2670; x_wconf 67' lang='lat' dir='ltr'><strong>maxime</strong></span> <span class='ocrx_word' id='word_1_138' title='bbox 895 2607 1031 2691; x_wconf 87' lang='lat' dir='ltr'><strong>quia</strong></span> <span class='ocrx_word' id='word_1_139' title='bbox 1062 2607 1218 2671; x_wconf 88' lang='lat' dir='ltr'><strong>idem</strong></span> <span class='ocrx_word' id='word_1_140' title='bbox 1251 2608 1417 2672; x_wconf 89' lang='lat' dir='ltr'><strong>locus</strong></span> <span class='ocrx_word' id='word_1_141' title='bbox 1454 2612 1625 2691; x_wconf 89' lang='lat' dir='ltr'><strong>aptus</strong></span> <span class='ocrx_word' id='word_1_142' title='bbox 1660 2611 1719 2669; x_wconf 89' lang='lat' dir='ltr'><strong>et</strong></span> <span class='ocrx_word' id='word_1_143' title='bbox 1752 2606 1915 2669; x_wconf 90' lang='lat' dir='ltr'><strong>utilis</strong></span> <span class='ocrx_word' id='word_1_144' title='bbox 1941 2611 2033 2668; x_wconf 87' lang='lat' dir='ltr'><strong>est</strong></span> <span class='ocrx_word' id='word_1_145' title='bbox 2057 2605 2229 2668; x_wconf 91' lang='lat' dir='ltr'><strong>nobis</strong></span> <span class='ocrx_word' id='word_1_146' title='bbox 2257 2605 2331 2668; x_wconf 88' lang='lat' dir='ltr'><strong>ad</strong></span> <span class='ocrx_word' id='word_1_147' title='bbox 2350 2604 2727 2679; x_wconf 87' lang='lat' dir='ltr'><strong>manendum,</strong></span> <span class='ocrx_word' id='word_1_148' title='bbox 2763 2606 2992 2670; x_wconf 89' lang='lat' dir='ltr'><strong>dictam</strong></span> 
     </span>
     <span class='ocr_line' id='line_1_21' title="bbox 621 2714 2991 2799; baseline 0 -21"><span class='ocrx_word' id='word_1_149' title='bbox 621 2725 836 2778; x_wconf 72' lang='lat' dir='ltr'><strong>terram</strong></span> <span class='ocrx_word' id='word_1_150' title='bbox 873 2714 1026 2780; x_wconf 87' lang='lat' dir='ltr'><strong>Saar</strong></span> <span class='ocrx_word' id='word_1_151' title='bbox 1057 2739 1089 2780; x_wconf 85' lang='lat' dir='ltr'><strong>a</strong></span> <span class='ocrx_word' id='word_1_152' title='bbox 1123 2715 1287 2781; x_wconf 84' lang='lat' dir='ltr'><strong>Chak</strong></span> <span class='ocrx_word' id='word_1_153' title='bbox 1319 2715 1550 2781; x_wconf 86' lang='lat' dir='ltr'><strong>Comite</strong></span> <span class='ocrx_word' id='word_1_154' title='bbox 1596 2717 1672 2780; x_wconf 89' lang='lat' dir='ltr'><strong>de</strong></span> <span class='ocrx_word' id='word_1_155' title='bbox 1705 2714 1901 2779; x_wconf 84' lang='lat' dir='ltr'><strong>Vrbaz</strong></span> <span class='ocrx_word' id='word_1_156' title='bbox 1935 2735 2043 2799; x_wconf 89' lang='lat' dir='ltr'><strong>pro</strong></span> <span class='ocrx_word' id='word_1_157' title='bbox 2079 2715 2423 2779; x_wconf 86' lang='lat' dir='ltr'><strong>concambio</strong></span> <span class='ocrx_word' id='word_1_158' title='bbox 2467 2718 2773 2796; x_wconf 82' lang='lat' dir='ltr'><strong>receptam</strong></span> <span class='ocrx_word' id='word_1_159' title='bbox 2819 2715 2991 2778; x_wconf 83' lang='lat' dir='ltr'><strong>vide·</strong></span> 
     </span>
     <span class='ocr_line' id='line_1_22' title="bbox 621 2821 2993 2907; baseline -0.001 -21"><span class='ocrx_word' id='word_1_160' title='bbox 621 2826 761 2886; x_wconf 72' lang='lat' dir='ltr'><strong>licet</strong></span> <span class='ocrx_word' id='word_1_161' title='bbox 794 2846 926 2888; x_wconf 89' lang='lat' dir='ltr'><strong>cum</strong></span> <span class='ocrx_word' id='word_1_162' title='bbox 961 2830 1116 2889; x_wconf 83' lang='lat' dir='ltr'><strong>terra</strong></span> <span class='ocrx_word' id='word_1_163' title='bbox 1152 2826 1227 2890; x_wconf 88' lang='lat' dir='ltr'><strong>ad</strong></span> <span class='ocrx_word' id='word_1_164' title='bbox 1259 2846 1428 2889; x_wconf 90' lang='lat' dir='ltr'><strong>usum</strong></span> <span class='ocrx_word' id='word_1_165' title='bbox 1459 2845 1565 2889; x_wconf 83' lang='lat' dir='ltr'><strong>sex</strong></span> <span class='ocrx_word' id='word_1_166' title='bbox 1599 2831 1931 2888; x_wconf 85' lang='lat' dir='ltr'><strong>aratrorum</strong></span> <span class='ocrx_word' id='word_1_167' title='bbox 1975 2823 2323 2896; x_wconf 85' lang='lat' dir='ltr'><strong>sufficienti,</strong></span> <span class='ocrx_word' id='word_1_168' title='bbox 2369 2843 2542 2907; x_wconf 88' lang='lat' dir='ltr'><strong>quam</strong></span> <span class='ocrx_word' id='word_1_169' title='bbox 2588 2822 2785 2886; x_wconf 90' lang='lat' dir='ltr'><strong>eidem</strong></span> <span class='ocrx_word' id='word_1_170' title='bbox 2824 2821 2993 2886; x_wconf 72' lang='lat' dir='ltr'><strong>chal&lt;</strong></span> 
     </span>
     <span class='ocr_line' id='line_1_23' title="bbox 625 2931 3001 3015; baseline -0.003 -17"><span class='ocrx_word' id='word_1_171' title='bbox 625 2935 827 2998; x_wconf 75' lang='lat' dir='ltr'><strong>comiti</strong></span> <span class='ocrx_word' id='word_1_172' title='bbox 875 2934 950 2999; x_wconf 92' lang='lat' dir='ltr'><strong>de</strong></span> <span class='ocrx_word' id='word_1_173' title='bbox 983 2935 1161 2997; x_wconf 89' lang='lat' dir='ltr'><strong>terris</strong></span> <span class='ocrx_word' id='word_1_174' title='bbox 1197 2934 1380 2998; x_wconf 88' lang='lat' dir='ltr'><strong>castri</strong></span> <span class='ocrx_word' id='word_1_175' title='bbox 1415 2932 1835 2997; x_wconf 87' lang='lat' dir='ltr'><strong>Zarandiensis</strong></span> <span class='ocrx_word' id='word_1_176' title='bbox 1865 2931 2180 2996; x_wconf 88' lang='lat' dir='ltr'><strong>Pettrethe</strong></span> <span class='ocrx_word' id='word_1_177' title='bbox 2215 2937 2276 2994; x_wconf 91' lang='lat' dir='ltr'><strong>et</strong></span> <span class='ocrx_word' id='word_1_178' title='bbox 2308 2931 2586 3012; x_wconf 86' lang='lat' dir='ltr'><strong>Bezzegd</strong></span> <span class='ocrx_word' id='word_1_179' title='bbox 2615 2933 2851 2996; x_wconf 79' lang='lat' dir='ltr'><strong>vocatis</strong></span> <span class='ocrx_word' id='word_1_180' title='bbox 2886 2950 3001 3015; x_wconf 89' lang='lat' dir='ltr'><strong>per</strong></span> 
     </span>
     <span class='ocr_line' id='line_1_24' title="bbox 621 3039 2995 3127; baseline -0.003 -21"><span class='ocrx_word' id='word_1_181' title='bbox 621 3044 962 3127; x_wconf 67' lang='lat' dir='ltr'><strong>Dionysium</strong></span> <span class='ocrx_word' id='word_1_182' title='bbox 999 3041 1184 3106; x_wconf 90' lang='lat' dir='ltr'><strong>filium</strong></span> <span class='ocrx_word' id='word_1_183' title='bbox 1218 3043 1471 3126; x_wconf 88' lang='lat' dir='ltr'><strong>Georgii</strong></span> <span class='ocrx_word' id='word_1_184' title='bbox 1504 3042 1779 3106; x_wconf 85' lang='lat' dir='ltr'><strong>comitem</strong></span> <span class='ocrx_word' id='word_1_185' title='bbox 1828 3040 2292 3104; x_wconf 85' lang='lat' dir='ltr'><strong>Zarandiensem</strong></span> <span class='ocrx_word' id='word_1_186' title='bbox 2328 3039 2611 3102; x_wconf 85' lang='lat' dir='ltr'><strong>dilectum</strong></span> <span class='ocrx_word' id='word_1_187' title='bbox 2656 3047 2719 3102; x_wconf 89' lang='lat' dir='ltr'><strong>et</strong></span> <span class='ocrx_word' id='word_1_188' title='bbox 2750 3039 2995 3102; x_wconf 89' lang='lat' dir='ltr'><strong>fidelem</strong></span> 
     </span>
     <span class='ocr_line' id='line_1_25' title="bbox 625 3149 2992 3235; baseline -0.004 -17"><span class='ocrx_word' id='word_1_189' title='bbox 625 3162 885 3218; x_wconf 68' lang='lat' dir='ltr'><strong>nostrum</strong></span> <span class='ocrx_word' id='word_1_190' title='bbox 919 3153 1170 3218; x_wconf 84' lang='lat' dir='ltr'><strong>fecimus</strong></span> <span class='ocrx_word' id='word_1_191' title='bbox 1204 3153 1520 3234; x_wconf 88' lang='lat' dir='ltr'><strong>assignari,</strong></span> <span class='ocrx_word' id='word_1_192' title='bbox 1554 3152 1701 3235; x_wconf 90' lang='lat' dir='ltr'><strong>ipsis</strong></span> <span class='ocrx_word' id='word_1_193' title='bbox 1758 3151 2093 3234; x_wconf 86' lang='lat' dir='ltr'><strong>hospitibus</strong></span> <span class='ocrx_word' id='word_1_194' title='bbox 2148 3150 2224 3212; x_wconf 89' lang='lat' dir='ltr'><strong>de</strong></span> <span class='ocrx_word' id='word_1_195' title='bbox 2278 3149 2483 3230; x_wconf 76' lang='lat' dir='ltr'><strong>Fiizeg</strong></span> <span class='ocrx_word' id='word_1_196' title='bbox 2525 3149 2660 3212; x_wconf 82' lang='lat' dir='ltr'><strong>Thu</strong></span> <span class='ocrx_word' id='word_1_197' title='bbox 2708 3171 2782 3212; x_wconf 86' lang='lat' dir='ltr'><strong>ex</strong></span> <span class='ocrx_word' id='word_1_198' title='bbox 2816 3150 2992 3230; x_wconf 89' lang='lat' dir='ltr'><strong>regia</strong></span> 
     </span>
     <span class='ocr_line' id='line_1_26' title="bbox 621 3256 2992 3343; baseline -0.001 -21"><span class='ocrx_word' id='word_1_199' title='bbox 621 3260 979 3325; x_wconf 70' lang='lat' dir='ltr'><strong>liberalitate</strong></span> <span class='ocrx_word' id='word_1_200' title='bbox 1035 3261 1306 3324; x_wconf 85' lang='lat' dir='ltr'><strong>duximus</strong></span> <span class='ocrx_word' id='word_1_201' title='bbox 1363 3258 1826 3335; x_wconf 85' lang='lat' dir='ltr'><strong>conferendum,</strong></span> <span class='ocrx_word' id='word_1_202' title='bbox 1892 3277 2061 3343; x_wconf 87' lang='lat' dir='ltr'><strong>quam</strong></span> <span class='ocrx_word' id='word_1_203' title='bbox 2110 3256 2347 3341; x_wconf 88' lang='lat' dir='ltr'><strong>quidem</strong></span> <span class='ocrx_word' id='word_1_204' title='bbox 2393 3264 2609 3321; x_wconf 87' lang='lat' dir='ltr'><strong>terram</strong></span> <span class='ocrx_word' id='word_1_205' title='bbox 2674 3257 2832 3320; x_wconf 87' lang='lat' dir='ltr'><strong>Saar</strong></span> <span class='ocrx_word' id='word_1_206' title='bbox 2878 3277 2992 3342; x_wconf 88' lang='lat' dir='ltr'><strong>per</strong></span> 
     </span>
     <span class='ocr_line' id='line_1_27' title="bbox 621 3368 2993 3452; baseline -0.001 -18"><span class='ocrx_word' id='word_1_207' title='bbox 621 3370 944 3452; x_wconf 71' lang='lat' dir='ltr'><strong>Georgium</strong></span> <span class='ocrx_word' id='word_1_208' title='bbox 981 3369 1162 3433; x_wconf 88' lang='lat' dir='ltr'><strong>filium</strong></span> <span class='ocrx_word' id='word_1_209' title='bbox 1198 3370 1522 3443; x_wconf 88' lang='lat' dir='ltr'><strong>Desiderii,</strong></span> <span class='ocrx_word' id='word_1_210' title='bbox 1557 3369 1975 3434; x_wconf 81' lang='lat' dir='ltr'><strong>cancellarium</strong></span> <span class='ocrx_word' id='word_1_211' title='bbox 2005 3368 2405 3452; x_wconf 89' lang='lat' dir='ltr'><strong>dapiferorum</strong></span> <span class='ocrx_word' id='word_1_212' title='bbox 2440 3369 2993 3440; x_wconf 89' lang='lat' dir='ltr'><strong>nostrorum,iuue-</strong></span> 
     </span>
     <span class='ocr_line' id='line_1_28' title="bbox 621 3476 2989 3560; baseline 0 -22"><span class='ocrx_word' id='word_1_213' title='bbox 621 3498 753 3542; x_wconf 69' lang='lat' dir='ltr'><strong>nem</strong></span> <span class='ocrx_word' id='word_1_214' title='bbox 803 3479 1012 3542; x_wconf 89' lang='lat' dir='ltr'><strong>domus</strong></span> <span class='ocrx_word' id='word_1_215' title='bbox 1045 3488 1246 3542; x_wconf 89' lang='lat' dir='ltr'><strong>nostre</strong></span> <span class='ocrx_word' id='word_1_216' title='bbox 1279 3478 1648 3550; x_wconf 83' lang='lat' dir='ltr'><strong>familiarem,</strong></span> <span class='ocrx_word' id='word_1_217' title='bbox 1685 3478 1860 3542; x_wconf 87' lang='lat' dir='ltr'><strong>dictis</strong></span> <span class='ocrx_word' id='word_1_218' title='bbox 1886 3476 2220 3560; x_wconf 88' lang='lat' dir='ltr'><strong>hospitibus</strong></span> <span class='ocrx_word' id='word_1_219' title='bbox 2253 3479 2473 3541; x_wconf 90' lang='lat' dir='ltr'><strong>nostris</strong></span> <span class='ocrx_word' id='word_1_220' title='bbox 2500 3478 2753 3541; x_wconf 87' lang='lat' dir='ltr'><strong>fecimus</strong></span> <span class='ocrx_word' id='word_1_221' title='bbox 2787 3477 2989 3556; x_wconf 87' lang='lat' dir='ltr'><strong>assig-</strong></span> 
     </span>
     <span class='ocr_line' id='line_1_29' title="bbox 621 3586 2987 3669; baseline 0 -23"><span class='ocrx_word' id='word_1_222' title='bbox 621 3590 769 3650; x_wconf 78' lang='lat' dir='ltr'><strong>nari..</strong></span> <span class='ocrx_word' id='word_1_223' title='bbox 817 3586 897 3650; x_wconf 91' lang='lat' dir='ltr'><strong>Ut</strong></span> <span class='ocrx_word' id='word_1_224' title='bbox 941 3588 1124 3669; x_wconf 86' lang='lat' dir='ltr'><strong>igitur</strong></span> <span class='ocrx_word' id='word_1_225' title='bbox 1156 3589 1330 3651; x_wconf 91' lang='lat' dir='ltr'><strong>huius</strong></span> <span class='ocrx_word' id='word_1_226' title='bbox 1377 3595 1583 3651; x_wconf 87' lang='lat' dir='ltr'><strong>nostre</strong></span> <span class='ocrx_word' id='word_1_227' title='bbox 1637 3586 1969 3652; x_wconf 85' lang='lat' dir='ltr'><strong>collationis</strong></span> <span class='ocrx_word' id='word_1_228' title='bbox 2003 3588 2196 3649; x_wconf 87' lang='lat' dir='ltr'><strong>series</strong></span> <span class='ocrx_word' id='word_1_229' title='bbox 2239 3591 2531 3669; x_wconf 87' lang='lat' dir='ltr'><strong>perpetuo</strong></span> <span class='ocrx_word' id='word_1_230' title='bbox 2577 3593 2637 3650; x_wconf 89' lang='lat' dir='ltr'><strong>et</strong></span> <span class='ocrx_word' id='word_1_231' title='bbox 2675 3588 2987 3657; x_wconf 83' lang='lat' dir='ltr'><strong>irrevoca-</strong></span> 
     </span>
     <span class='ocr_line' id='line_1_30' title="bbox 625 3694 2987 3781; baseline -0.001 -23"><span class='ocrx_word' id='word_1_232' title='bbox 625 3694 825 3758; x_wconf 80' lang='lat' dir='ltr'><strong>biliter</strong></span> <span class='ocrx_word' id='word_1_233' title='bbox 859 3702 1231 3779; x_wconf 86' lang='lat' dir='ltr'><strong>perseveret,</strong></span> <span class='ocrx_word' id='word_1_234' title='bbox 1264 3702 1582 3781; x_wconf 88' lang='lat' dir='ltr'><strong>presentes</strong></span> <span class='ocrx_word' id='word_1_235' title='bbox 1616 3695 1795 3759; x_wconf 90' lang='lat' dir='ltr'><strong>dictis</strong></span> <span class='ocrx_word' id='word_1_236' title='bbox 1826 3694 2164 3779; x_wconf 84' lang='lat' dir='ltr'><strong>hospitibus</strong></span> <span class='ocrx_word' id='word_1_237' title='bbox 2192 3695 2413 3758; x_wconf 90' lang='lat' dir='ltr'><strong>nostris</strong></span> <span class='ocrx_word' id='word_1_238' title='bbox 2458 3695 2688 3758; x_wconf 88' lang='lat' dir='ltr'><strong>litteras</strong></span> <span class='ocrx_word' id='word_1_239' title='bbox 2734 3714 2987 3758; x_wconf 85' lang='lat' dir='ltr'><strong>conces-</strong></span> 
     </span>
     <span class='ocr_line' id='line_1_31' title="bbox 621 3803 2987 3890; baseline 0.001 -26"><span class='ocrx_word' id='word_1_240' title='bbox 621 3806 826 3881; x_wconf 69' lang='lat' dir='ltr'><strong>simus,</strong></span> <span class='ocrx_word' id='word_1_241' title='bbox 861 3806 1113 3890; x_wconf 88' lang='lat' dir='ltr'><strong>duplicis</strong></span> <span class='ocrx_word' id='word_1_242' title='bbox 1147 3805 1330 3889; x_wconf 89' lang='lat' dir='ltr'><strong>sigilli</strong></span> <span class='ocrx_word' id='word_1_243' title='bbox 1363 3806 1546 3870; x_wconf 90' lang='lat' dir='ltr'><strong>nostri</strong></span> <span class='ocrx_word' id='word_1_244' title='bbox 1573 3806 1891 3868; x_wconf 88' lang='lat' dir='ltr'><strong>munimine</strong></span> <span class='ocrx_word' id='word_1_245' title='bbox 1922 3803 2254 3867; x_wconf 86' lang='lat' dir='ltr'><strong>roboratas.</strong></span> <span class='ocrx_word' id='word_1_246' title='bbox 2292 3804 2453 3868; x_wconf 89' lang='lat' dir='ltr'><strong>Mete</strong></span> <span class='ocrx_word' id='word_1_247' title='bbox 2484 3811 2681 3866; x_wconf 88' lang='lat' dir='ltr'><strong>autem</strong></span> <span class='ocrx_word' id='word_1_248' title='bbox 2712 3803 2987 3889; x_wconf 88' lang='lat' dir='ltr'><strong>predicte</strong></span> 
     </span>
     <span class='ocr_line' id='line_1_32' title="bbox 625 3911 2986 3998; baseline 0.001 -24"><span class='ocrx_word' id='word_1_249' title='bbox 625 3922 783 3978; x_wconf 72' lang='lat' dir='ltr'><strong>terre</strong></span> <span class='ocrx_word' id='word_1_250' title='bbox 817 3915 990 3986; x_wconf 87' lang='lat' dir='ltr'><strong>Saar‚</strong></span> <span class='ocrx_word' id='word_1_251' title='bbox 1023 3921 1203 3998; x_wconf 87' lang='lat' dir='ltr'><strong>prout</strong></span> <span class='ocrx_word' id='word_1_252' title='bbox 1232 3915 1386 3978; x_wconf 88' lang='lat' dir='ltr'><strong>idem</strong></span> <span class='ocrx_word' id='word_1_253' title='bbox 1413 3913 1701 3996; x_wconf 88' lang='lat' dir='ltr'><strong>magister</strong></span> <span class='ocrx_word' id='word_1_254' title='bbox 1727 3912 2027 3994; x_wconf 84' lang='lat' dir='ltr'><strong>Georgius</strong></span> <span class='ocrx_word' id='word_1_255' title='bbox 2059 3911 2194 3976; x_wconf 86' lang='lat' dir='ltr'><strong>viua</strong></span> <span class='ocrx_word' id='word_1_256' title='bbox 2231 3932 2377 3976; x_wconf 85' lang='lat' dir='ltr'><strong>voce</strong></span> <span class='ocrx_word' id='word_1_257' title='bbox 2411 3911 2583 3975; x_wconf 90' lang='lat' dir='ltr'><strong>nobis</strong></span> <span class='ocrx_word' id='word_1_258' title='bbox 2616 3913 2840 3985; x_wconf 88' lang='lat' dir='ltr'><strong>retulit,</strong></span> <span class='ocrx_word' id='word_1_259' title='bbox 2874 3914 2986 3976; x_wconf 88' lang='lat' dir='ltr'><strong>hoc</strong></span> 
     </span>
     <span class='ocr_line' id='line_1_33' title="bbox 625 4020 2987 4107; baseline -0.001 -21"><span class='ocrx_word' id='word_1_260' title='bbox 625 4022 832 4086; x_wconf 78' lang='lat' dir='ltr'><strong>urdine</strong></span> <span class='ocrx_word' id='word_1_261' title='bbox 867 4022 1324 4107; x_wconf 85' lang='lat' dir='ltr'><strong>distinquuntur.</strong></span> <span class='ocrx_word' id='word_1_262' title='bbox 1374 4025 1567 4087; x_wconf 90' lang='lat' dir='ltr'><strong>Prima</strong></span> <span class='ocrx_word' id='word_1_263' title='bbox 1624 4027 1779 4085; x_wconf 86' lang='lat' dir='ltr'><strong>meta</strong></span> <span class='ocrx_word' id='word_1_264' title='bbox 1835 4023 2043 4107; x_wconf 89' lang='lat' dir='ltr'><strong>incipit</strong></span> <span class='ocrx_word' id='word_1_265' title='bbox 2100 4043 2132 4085; x_wconf 88' lang='lat' dir='ltr'><strong>a</strong></span> <span class='ocrx_word' id='word_1_266' title='bbox 2178 4028 2347 4105; x_wconf 88' lang='lat' dir='ltr'><strong>parte</strong></span> <span class='ocrx_word' id='word_1_267' title='bbox 2391 4020 2661 4084; x_wconf 85' lang='lat' dir='ltr'><strong>orientali</strong></span> <span class='ocrx_word' id='word_1_268' title='bbox 2696 4023 2756 4084; x_wconf 90' lang='lat' dir='ltr'><strong>in</strong></span> <span class='ocrx_word' id='word_1_269' title='bbox 2791 4028 2987 4086; x_wconf 87' lang='lat' dir='ltr'><strong>monte</strong></span> 
     </span>
     <span class='ocr_line' id='line_1_34' title="bbox 625 4131 2987 4216; baseline 0 -22"><span class='ocrx_word' id='word_1_270' title='bbox 625 4131 1014 4204; x_wconf 70' lang='lat' dir='ltr'><strong>Eaarhumuk,</strong></span> <span class='ocrx_word' id='word_1_271' title='bbox 1048 4132 1185 4194; x_wconf 90' lang='lat' dir='ltr'><strong>inde</strong></span> <span class='ocrx_word' id='word_1_272' title='bbox 1219 4132 1382 4197; x_wconf 85' lang='lat' dir='ltr'><strong>vadit</strong></span> <span class='ocrx_word' id='word_1_273' title='bbox 1414 4153 1445 4195; x_wconf 89' lang='lat' dir='ltr'><strong>a</strong></span> <span class='ocrx_word' id='word_1_274' title='bbox 1471 4131 1747 4214; x_wconf 88' lang='lat' dir='ltr'><strong>Megeku,</strong></span> <span class='ocrx_word' id='word_1_275' title='bbox 1782 4153 1992 4198; x_wconf 88' lang='lat' dir='ltr'><strong>versus</strong></span> <span class='ocrx_word' id='word_1_276' title='bbox 2014 4138 2242 4216; x_wconf 87' lang='lat' dir='ltr'><strong>partem</strong></span> <span class='ocrx_word' id='word_1_277' title='bbox 2276 4131 2741 4202; x_wconf 87' lang='lat' dir='ltr'><strong>meridionalem.</strong></span> <span class='ocrx_word' id='word_1_278' title='bbox 2764 4138 2826 4196; x_wconf 89' lang='lat' dir='ltr'><strong>et</strong></span> <span class='ocrx_word' id='word_1_279' title='bbox 2851 4131 2987 4195; x_wconf 91' lang='lat' dir='ltr'><strong>inde</strong></span> 
     </span>
     <span class='ocr_line' id='line_1_35' title="bbox 625 4239 2985 4326; baseline -0 -24"><span class='ocrx_word' id='word_1_280' title='bbox 625 4242 812 4304; x_wconf 68' lang='lat' dir='ltr'><strong>tendit</strong></span> <span class='ocrx_word' id='word_1_281' title='bbox 844 4241 917 4304; x_wconf 87' lang='lat' dir='ltr'><strong>ad</strong></span> <span class='ocrx_word' id='word_1_282' title='bbox 952 4240 1199 4304; x_wconf 87' lang='lat' dir='ltr'><strong>calidam</strong></span> <span class='ocrx_word' id='word_1_283' title='bbox 1231 4262 1460 4326; x_wconf 86' lang='lat' dir='ltr'><strong>aquam,</strong></span> <span class='ocrx_word' id='word_1_284' title='bbox 1495 4243 1594 4305; x_wconf 90' lang='lat' dir='ltr'><strong>cui</strong></span> <span class='ocrx_word' id='word_1_285' title='bbox 1628 4243 2019 4305; x_wconf 90' lang='lat' dir='ltr'><strong>commetanei</strong></span> <span class='ocrx_word' id='word_1_286' title='bbox 2052 4246 2188 4304; x_wconf 91' lang='lat' dir='ltr'><strong>sunt</strong></span> <span class='ocrx_word' id='word_1_287' title='bbox 2216 4243 2486 4322; x_wconf 87' lang='lat' dir='ltr'><strong>Leg1·un,</strong></span> <span class='ocrx_word' id='word_1_288' title='bbox 2520 4239 2675 4305; x_wconf 90' lang='lat' dir='ltr'><strong>filius</strong></span> <span class='ocrx_word' id='word_1_289' title='bbox 2712 4240 2892 4310; x_wconf 91' lang='lat' dir='ltr'><strong>Pous,</strong></span> <span class='ocrx_word' id='word_1_290' title='bbox 2927 4243 2985 4302; x_wconf 89' lang='lat' dir='ltr'><strong>et</strong></span> 
     </span>
     <span class='ocr_line' id='line_1_36' title="bbox 625 4344 2983 4434; baseline -0.001 -20"><span class='ocrx_word' id='word_1_291' title='bbox 625 4350 965 4434; x_wconf 67' lang='lat' dir='ltr'><strong>prepositus</strong></span> <span class='ocrx_word' id='word_1_292' title='bbox 999 4344 1076 4413; x_wconf 94' lang='lat' dir='ltr'><strong>de</strong></span> <span class='ocrx_word' id='word_1_293' title='bbox 1108 4349 1305 4433; x_wconf 83' lang='lat' dir='ltr'><strong>Moyk,</strong></span> <span class='ocrx_word' id='word_1_294' title='bbox 1337 4350 1474 4413; x_wconf 90' lang='lat' dir='ltr'><strong>inde</strong></span> <span class='ocrx_word' id='word_1_295' title='bbox 1506 4349 1670 4414; x_wconf 87' lang='lat' dir='ltr'><strong>vadit</strong></span> <span class='ocrx_word' id='word_1_296' title='bbox 1701 4349 1773 4412; x_wconf 92' lang='lat' dir='ltr'><strong>ad</strong></span> <span class='ocrx_word' id='word_1_297' title='bbox 1807 4369 2078 4432; x_wconf 87' lang='lat' dir='ltr'><strong>magnam</strong></span> <span class='ocrx_word' id='word_1_298' title='bbox 2109 4351 2264 4414; x_wconf 90' lang='lat' dir='ltr'><strong>viam</strong></span> <span class='ocrx_word' id='word_1_299' title='bbox 2310 4353 2371 4412; x_wconf 86' lang='lat' dir='ltr'><strong>et</strong></span> <span class='ocrx_word' id='word_1_300' title='bbox 2400 4349 2538 4414; x_wconf 83' lang='lat' dir='ltr'><strong>inde</strong></span> <span class='ocrx_word' id='word_1_301' title='bbox 2581 4349 2778 4412; x_wconf 91' lang='lat' dir='ltr'><strong>tendit</strong></span> <span class='ocrx_word' id='word_1_302' title='bbox 2830 4350 2983 4412; x_wconf 85' lang='lat' dir='ltr'><strong>iuxta</strong></span> 
     </span>
     <span class='ocr_line' id='line_1_37' title="bbox 625 4457 2983 4543; baseline -0.001 -21"><span class='ocrx_word' id='word_1_303' title='bbox 625 4460 875 4522; x_wconf 74' lang='lat' dir='ltr'><strong>eandem</strong></span> <span class='ocrx_word' id='word_1_304' title='bbox 910 4479 1179 4542; x_wconf 86' lang='lat' dir='ltr'><strong>magnam</strong></span> <span class='ocrx_word' id='word_1_305' title='bbox 1211 4461 1363 4524; x_wconf 86' lang='lat' dir='ltr'><strong>viam</strong></span> <span class='ocrx_word' id='word_1_306' title='bbox 1397 4459 1470 4522; x_wconf 88' lang='lat' dir='ltr'><strong>ad</strong></span> <span class='ocrx_word' id='word_1_307' title='bbox 1505 4458 1756 4523; x_wconf 85' lang='lat' dir='ltr'><strong>calidam</strong></span> <span class='ocrx_word' id='word_1_308' title='bbox 1791 4480 2001 4543; x_wconf 82' lang='lat' dir='ltr'><strong>aquam</strong></span> <span class='ocrx_word' id='word_1_309' title='bbox 2037 4459 2473 4542; x_wconf 87' lang='lat' dir='ltr'><strong>supradictam,</strong></span> <span class='ocrx_word' id='word_1_310' title='bbox 2528 4463 2587 4521; x_wconf 92' lang='lat' dir='ltr'><strong>et</strong></span> <span class='ocrx_word' id='word_1_311' title='bbox 2629 4458 2772 4522; x_wconf 90' lang='lat' dir='ltr'><strong>inde</strong></span> <span class='ocrx_word' id='word_1_312' title='bbox 2823 4457 2983 4522; x_wconf 85' lang='lat' dir='ltr'><strong>vadit</strong></span> 
     </span>
     <span class='ocr_line' id='line_1_38' title="bbox 625 4566 2982 4649; baseline -0 -19"><span class='ocrx_word' id='word_1_313' title='bbox 625 4570 697 4630; x_wconf 75' lang='lat' dir='ltr'><strong>ad</strong></span> <span class='ocrx_word' id='word_1_314' title='bbox 757 4586 1057 4630; x_wconf 84' lang='lat' dir='ltr'><strong>nemorem</strong></span> <span class='ocrx_word' id='word_1_315' title='bbox 1104 4567 1336 4630; x_wconf 68' lang='lat' dir='ltr'><strong>Keorus</strong></span> <span class='ocrx_word' id='word_1_316' title='bbox 1383 4572 1686 4640; x_wconf 86' lang='lat' dir='ltr'><strong>vocatam,</strong></span> <span class='ocrx_word' id='word_1_317' title='bbox 1745 4569 1912 4632; x_wconf 90' lang='lat' dir='ltr'><strong>cuius</strong></span> <span class='ocrx_word' id='word_1_318' title='bbox 1970 4570 2361 4631; x_wconf 87' lang='lat' dir='ltr'><strong>commetanei</strong></span> <span class='ocrx_word' id='word_1_319' title='bbox 2404 4566 2487 4629; x_wconf 90' lang='lat' dir='ltr'><strong>ibi</strong></span> <span class='ocrx_word' id='word_1_320' title='bbox 2530 4570 2667 4630; x_wconf 90' lang='lat' dir='ltr'><strong>sunt</strong></span> <span class='ocrx_word' id='word_1_321' title='bbox 2697 4567 2982 4649; x_wconf 84' lang='lat' dir='ltr'><strong>magister</strong></span> 
     </span>
    </p>
   </div>
  </div>
 </body>
</html>
