3150 5092
300 341 393 422 158·

383 523 445 590 Nos
460 523 551 609 igitur
563 524 651 609 justis
678 529 710 590 ot
732 524 959 591 rationabilibus
975 522 1170 609 petitionibus
1187 524 1351 589 eorundem
1366 525 1480 590 uirium

296 637 462 699 nostrorum
477 634 679 700 favorabiliter
695 639 862 700 annuentes
877 634 1009 720 ipsorum
1020 633 1228 718 privilegium,
1246 654 1304 698 non
1323 633 1481 707 abolitum,

295 763 353 807 non
365 743 570 817 cancellatum,
588 761 647 808 non
662 744 692 808 in
708 741 805 829 aliqua
821 745 869 810 sui
884 749 971 828 parte
988 741 1132 814 vitiatum,
1156 742 1212 808 sed
1227 762 1332 809 uerum
1349 748 1381 807 et
1396 744 1480 807 omni

296 851 474 937 suspicionis
496 850 636 938 scrupulo
659 870 776 936 purum,
800 855 832 917 et
846 850 877 915 in
893 852 974 917 nullo
989 853 1175 934 suspectum,
1190 850 1230 917 de
1245 851 1338 916 verbo
1350 852 1390 916 ad
1406 873 1481 917 ver-

296 959 364 1026 bum
395 961 539 1026 insertum
566 959 775 1046 presentibus,
803 960 981 1026 auctoritate
1003 960 1189 1045 presentium
1209 959 1346 1026 duximus
1362 961 1480 1025 contir-
1564 960 1565 963 ’

297 1068 438 1134 mundum
464 1068 496 1134 ln
518 1069 604 1154 cujus
624 1069 670 1136 rei
692 1070 864 1134 memoriam
879 1067 1107 1154 firmitatemque
1122 1073 1299 1154 perpetuam
1316 1076 1480 1156 presentes

297 1177 411 1244 eisdem
427 1178 631 1244 concessimus
648 1178 764 1245 litteras
778 1177 907 1263 duplicis
919 1177 1012 1261 sigilli
1027 1178 1123 1242 nostri
1134 1178 1296 1243 munimine
1308 1179 1479 1245 roboratas.

295 1287 400 1352 Datum
407 1307 462 1372 per
475 1308 577 1354 manus
586 1286 710 1352 discreti
722 1287 779 1352 riri
795 1286 930 1370 magistri
937 1285 1251 1352 Theodorisblbensis
1263 1286 1399 1353 ecclesie
1408 1309 1481 1372 pre·
1564 1348 1565 1361 ,

295 1396 395 1480 positi,
412 1397 478 1462 aulo
501 1402 604 1463 nostre
622 1396 796 1464 cancellarii
811 1395 916 1461 dilecti
934 1399 966 1459 et
980 1395 1078 1461 fidelis
1094 1397 1199 1461 nostri.
1224 1399 1308 1462 Anno
1326 1394 1476 1463 uccxcl

294 1510 397 1592 quanto
412 1504 478 1574 idus
494 1505 586 1572 Febr.
603 1507 691 1592 regui
706 1511 805 1573 autem
820 1504 915 1570 nostri
935 1525 1012 1572 anno
1028 1506 1133 1589 primo.

809 1691 946 1765 CLXIV.

748 1849 827 1913 saus,
840 1848 1023 1906 sarsurus.

1561 1594 1565 1667 l

384 1977 534 2050 Andreas,
552 1978 600 2042 dei
616 1979 719 2064 gracia
736 1979 882 2061 Vngarie.
898 1977 1066 2052 Dalmacie,
1083 1979 1226 2052 Croacie,
1242 1977 1350 2052 Rama,
1367 1979 1479 2045 Seruis

291 2086 428 2160 Gallicis,
454 2085 643 2163 bodomarie,
675 2087 826 2161 Cumania,
853 2087 1090 2175 Bulgaricque¹)
1112 2111 1166 2156 rex
1191 2089 1327 2154 omnibus
1354 2086 1471 2154 Christi

294 2194 432 2261 fidelibus
455 2201 612 2278 presentes
634 2197 748 2262 litteras
772 2197 956 2281 inspecturis
979 2196 1105 2263 salutem
1121 2199 1152 2277 in
1168 2201 1296 2263 omnium
1313 2197 1475 2263 saluatore.

298 2303 342 2371 Ad
365 2303 569 2369 uniuersorum
590 2307 742 2380 noticiam,
763 2313 823 2371 tam
843 2305 1049 2391 presencium,
1072 2327 1158 2392 quam
1177 2309 1354 2380 futurorum,
1372 2306 1475 2370 harum

297 2411 377 2476 scria
393 2413 525 2478 volumus
541 2416 711 2500 peruenire.
729 2415 815 2498 Quod
831 2415 990 2500 capitulum
1006 2416 1137 2481 ecclesie
1152 2416 1351 2480 Transiluane
1368 2414 1477 2480 fideles

294 2521 396 2594 nostri,
421 2522 458 2587 ad
483 2528 612 2588 nostram
636 2525 817 2590 aecedentes
839 2524 1028 2608 presenciam
1051 2525 1249 2590 exhibuerunt
1272 2525 1360 2590 nobis
1377 2524 1476 2609 priui-

296 2630 406 2713 legium
424 2631 552 2697 Ladislai
570 2635 668 2715 regis,
681 2633 782 2698 fratris
800 2634 894 2697 nostri
909 2633 1069 2718 patruelis,
1086 2653 1180 2718 super
1191 2634 1366 2699 exemcione
1378 2652 1475 2718 popu·

293 2741 387 2804 lorum
402 2759 540 2816 suorum,
564 2743 748 2808 adesccnsu
773 2747 804 2806 ct
824 2741 935 2806 iudicio
951 2740 1114 2824 woyauode
1142 2764 1178 2808 ac
1202 2741 1376 2806 officialium
1403 2760 1475 2806 soo-

294 2869 367 2922 rum,
390 2869 447 2914 nec
468 2870 525 2914 non
541 2850 665 2917 aliorum
684 2849 883 2937 quorumlibet
903 2851 1048 2933 judicum,
1070 2856 1210 2935 petentes
1233 2871 1300 2917 oum
1324 2852 1474 2922 instantia,

294 2965 326 3025 ut
345 2959 442 3044 ipsum
465 2958 653 3044 priuilegium
676 2964 772 3024 ratum
793 2958 906 3024 babere
929 2964 960 3024 et
983 2965 1085 3025 nostro
1108 2959 1299 3043 dignaremur
1313 2959 1474 3045 privilegio

164 3147 166 3152 Ι
295 3065 478 3132 confirmare.
503 3065 595 3151 Cujus
626 3068 746 3154 quidem
773 3068 924 3152 priuilegii
940 3072 1027 3133 tenor
1049 3068 1116 3133 talis
1134 3075 1197 3134 est:
1229 3067 1390 3133 Ladislaus
1412 3073 1471 3133 etc.

296 3174 407 3263 (Slebe
422 3174 565 3241 Urlrundc
586 3174 716 3265 ccvii.)

382 3282 443 3350 Nos
459 3285 561 3371 itaque
576 3286 775 3370 peticionibus
790 3285 862 3351 dicti
875 3284 996 3369 capituli
1012 3287 1108 3358 iustis,
1129 3285 1271 3369 legitimis
1292 3293 1325 3350 et
1339 3287 1477 3352 honestis

296 3395 380 3479 regia
410 3393 594 3477 benignitate
617 3395 824 3460 fauorabiliter
845 3395 990 3468 inclinati,
1017 3396 1129 3460 dictum
1150 3397 1341 3482 priuilegium
1362 3397 1474 3460 domini

294 3503 426 3568 badislai
441 3505 534 3587 regis,
550 3523 609 3568 non
626 3503 834 3578 cancellatum,
850 3524 907 3568 non
922 3506 1071 3578 viciatum,
1088 3525 1144 3570 nec
1167 3507 1197 3568 in
1212 3507 1310 3589 aliqua
1325 3506 1375 3569 sui
1391 3509 1475 3590 parte

299 3610 463 3676 diminitum
489 3611 527 3676 de
549 3610 641 3676 uerbo
657 3611 694 3675 ad
710 3611 846 3684 uerbum,
859 3611 1056 3695 presentibus
1072 3613 1165 3677 inseri
1180 3614 1315 3686 fecimus,
1328 3617 1361 3676 et
1372 3617 1474 3677 aucto·

298 3722 386 3785 ritate
418 3722 609 3805 presencium
636 3721 826 3797 communiri,
849 3720 974 3805 populos
1008 3721 1102 3806 ipsius
1130 3722 1262 3786 ecclesie
1285 3717 1327 3785 iu‘
1344 3727 1474 3786 noemam

296 3830 469 3916 recipiendo
491 3829 706 3916 protectionem
732 3829 905 3914 specialem.
930 3828 962 3893 ln
985 3832 1068 3894 cuius
1089 3831 1134 3893 rei
1151 3832 1334 3902 memoriam,
1360 3851 1470 3915 perpe·

299 3947 437 4024 tuamque
452 3939 621 4004 firmitatem
638 3943 796 4022 presentes
822 3940 1025 4004 concessimus
1048 3939 1180 4012 litteras,
1213 3937 1362 4024 dupplieis
1383 3937 1473 4022 sigilli

297 4049 391 4113 nostri
413 4049 572 4114 munimine
596 4049 761 4112 roboratas.
785 4046 892 4112 Datum
915 4068 971 4131 per
993 4067 1097 4112 manus
1117 4048 1173 4112 viri
1194 4047 1319 4111 discreti
1334 4045 1469 4128 magistri

295 4157 464 4227 Theodori,
488 4157 632 4241 prepositi
647 4155 801 4228 Albensis,
826 4155 892 4221 aule
916 4161 1018 4220 nostre
1038 4156 1292 4239 vicecancellarij,
1315 4155 1422 4220 dilecti
1442 4161 1471 4217 et

294 4266 389 4331 fidelis
426 4266 529 4330 nostri.
571 4266 653 4329 Anno
691 4265 801 4329 domini
830 4264 959 4331 blecca.
990 4267 1183 4349 nonagesimo
1214 4267 1324 4350 primo,
1362 4269 1466 4328 octavo

324 4536 349 4596 1)
366 4537 407 4582 Die
424 4534 665 4594 Anfungsbucbstaban
682 4535 724 4580 ‹lcr
740 4536 910 4589 Lindernamen
928 4537 973 4586 und
990 4537 1031 4582 des
1047 4537 1175 4600 folgenden
1199 4538 1338 4597 „Omnibus“
1354 4540 1469 4592 fateris

366 4620 407 4668 dar
424 4617 546 4670 Urscbriit.
