3150 5092
614 343 800 415 80.

605 516 1006 602 spectantium
1063 537 1216 601 quos
1260 516 1337 581 ad
1389 537 1499 582 nos
1543 519 1798 600 propter
1837 513 2079 598 longam
2113 517 2211 581 vie
2244 517 2605 582 distanciam
2635 537 2750 600 pro
2791 537 3003 581 sacra-

611 627 832 689 mentis
896 624 1342 708 episcopalibus
1397 623 1767 707 recipiendis
1830 623 2125 688 veniendo
2187 631 2249 691 et
2300 624 2611 690 redeundo
2669 627 3003 696 sustinent,

608 725 864 818 parcere
915 733 1262 816 cupientes,
1298 733 1528 796 eisdem
1563 732 1642 796 de
1674 733 1867 815 gratia
1901 731 2155 815 speciali
2187 733 2620 810 concessimus,
2652 753 2687 796 a
2720 752 3004 817 quocun-

606 859 723 925 que
777 838 1074 904 catholico
1129 839 1415 923 episcopo
1472 838 1777 905 voluerint
1834 841 2026 905 omnia
2080 845 2451 903 sacramenta
2502 839 2884 924 episcopalia
2929 840 3003 903 de

609 956 813 1012 nostra
845 948 1086 1012 licentia
1119 946 1369 1010 liberam
1402 947 1667 1013 habeant
1696 947 2037 1032 recipiendi
2068 945 2432 1010 facultatem.
2471 948 2595 1011 Hoc
2621 953 2830 1010 tamen
2858 967 3004 1011 cau·

613 1056 737 1120 tela
769 1053 969 1118 studio
1012 1053 1303 1127 adhibito,
1335 1055 1497 1138 quod
1529 1058 1698 1141 prius
1731 1055 1989 1118 debeant
2020 1054 2250 1118 litteras
2283 1055 2443 1119 illius
2475 1056 2752 1139 episcopi
2798 1075 2839 1120 a
2887 1074 3002 1139 quo

609 1167 1049 1226 snm-amentum
1115 1161 1459 1246 episcopale
1515 1169 1655 1229 sunt
1714 1163 2055 1246 recepturi.
2103 1162 2259 1246 quod
2305 1164 2421 1229 hoc
2466 1162 2627 1227 idem
2667 1163 3002 1247 episcopus

613 1290 729 1332 nnn
777 1288 881 1332 sun
917 1267 1081 1351 jure,
1143 1269 1254 1334 sed
1311 1275 1515 1334 nostra
1583 1269 1942 1335 auctoritate
1988 1276 2198 1333 tenore
2230 1271 2600 1354 presentium
2635 1272 2696 1335 in
2729 1271 3001 1335 favorem

613 1380 1019 1460 prndintnrum
1050 1375 1165 1441 sibi
1190 1377 1509 1442 commissa
1531 1379 1719 1442 faciat
1742 1376 2167 1442 administrans
2192 1377 2647 1464 (administrare
2658 1376 2725 1463 2²)
2745 1384 2811 1442 et
2824 1379 2999 1460 ipsas

617 1484 845 1548 litteras
896 1483 1059 1548 illius
1091 1485 1404 1568 episcopi,
1461 1485 1557 1551 vel
1590 1485 1826 1551 illorum
1882 1486 2301 1570 episcoporum
2336 1507 2369 1550 a
2402 1505 2517 1570 quo
2552 1487 2647 1550 vel
2692 1508 2726 1550 a
2780 1487 3000 1571 quibus

617 1595 995 1658 sacramenta
1028 1593 1380 1657 successive
1411 1594 1715 1677 recipiunt
1748 1594 2007 1677 singulis
2042 1593 2215 1656 annis
2260 1594 2321 1656 in
2356 1593 2610 1658 concilio
2642 1594 3005 1678 prouinciali

613 1701 944 1784 supradicti
989 1697 1233 1783 plebani
1267 1721 1378 1784 per
1420 1721 1563 1765 suos
1608 1707 2033 1785 procuratores
2066 1701 2239 1765 nobis
2283 1706 2638 1786 presentare
2707 1708 2771 1765 et
2826 1700 3002 1764 exhi-

613 1812 761 1872 here
797 1805 1174 1880 tenebuntur,
1201 1813 1263 1870 et
1286 1810 1347 1874 in
1380 1809 1560 1874 huius
1593 1808 1741 1872 facti
1772 1809 2174 1872 testimonium
2208 1815 2528 1892 presentes
2573 1809 2812 1872 litteras
2861 1828 3005 1871 con-

613 1916 904 1980 nnssimns
968 1914 1154 1995 sigilli
1215 1917 1406 1980 nostri
1461 1915 1787 1985 munimine
1837 1917 2173 1980 roboratas.
2238 1916 2450 1979 Datum
2498 1915 2797 1998 Strigonii
2846 1934 3001 1979 anno

605 2024 825 2088 dni-nini
865 2021 1248 2086 mchxffll.
1295 2023 1559 2086 latrante
1592 2042 1800 2086 mense
1830 2023 2010 2095 Maio,
2046 2023 2144 2086 die
2176 2028 2367 2086 sexto.

1662 2209 1906 2278 LXXX.

1571 2343 1733 2405 1264.
1772 2342 1859 2398 16.
1896 2341 2021 2398 suu.

789 2451 1100 2536 (Urbanus
1147 2453 1341 2535 papa)
1380 2488 1460 2498 —
1507 2451 1639 2516 Non
1672 2452 2073 2522 attendentes,
2106 2450 2263 2536 quod
2302 2472 2421 2526 res,
2457 2454 2615 2517 inter
2642 2452 2798 2518 alios
2838 2457 2992 2524 acta,

605 2560 777 2624 altari
825 2560 1209 2644 preiudicare
1255 2579 1371 2623 non
1405 2559 1645 2633 debeat,
1694 2564 1967 2644 pretextu
2002 2558 2307 2623 cuiusdam
2358 2560 2842 2643 compositionis,
2878 2580 2994 2644 que

605 2672 737 2732 sine
769 2672 957 2752 ipsius
990 2669 1206 2750 regine
1252 2688 1502 2731 assensu
1550 2670 1709 2733 inter
1763 2672 1824 2733 te
1858 2673 1922 2732 et
1954 2688 2161 2751 regem
2220 2668 2494 2732 eumdem
2528 2673 2762 2751 patrem
2806 2674 2992 2739 tuum,

602 2780 741 2840 nlim
777 2776 1176 2841 intervenisse
1209 2775 1446 2847 dicitur,
1482 2775 1767 2860 quasdam
1795 2780 1857 2839 et
1887 2780 2084 2839 terras
2117 2775 2457 2847 Bistrichc,
2482 2776 2777 2852 Rodana,
2804 2778 2992 2841 Zolo-

597 2908 733 2948 snna
757 2884 809 2968 ¹]
869 2891 932 2949 et
980 2884 1248 2963 Qum-ali
1262 2881 1323 2967 ²)
1365 2883 1696 2965 vulgariter
1758 2890 2156 2966 nuncupatas,
2221 2904 2371 2968 quas
2417 2889 2479 2948 et
2527 2889 2733 2948 cetere
2779 2885 2993 2966 regine

601 2992 886 3072 Ungarie,
936 3011 1054 3075 que
1103 2997 1535 3074 precesserunt
1576 2990 1865 3062 eamdem,
1911 3010 1945 3053 a
1989 2996 2281 3074 tempore,
2332 2994 2506 3055 cuius
2554 2992 2844 3055 memoria
2878 3012 2990 3055 non

601 3104 833 3172 existit,
896 3105 1220 3163 tenuerunt
1263 3098 1520 3183 pacifice
1559 3105 1623 3162 et
1663 3099 1901 3183 quiete,
1958 3105 2166 3162 contra
2210 3099 2501 3162 iustitiam
2537 3100 2890 3182 occupasti,
2936 3107 2994 3160 et

601 3216 926 3292 nnnupntns
955 3206 1191 3272 detines
1225 3207 1286 3270 in
1316 3207 1593 3271 eiusdem
1616 3207 1830 3286 regine
1862 3206 2266 3290 preiudicium
2299 3215 2361 3270 et
2389 3226 2737 3290 gravamen.
2790 3206 2990 3288 Quare

601 3316 729 3400 ipse
777 3336 877 3380 rex
915 3314 1227 3398 predictus
1274 3334 1384 3398 per
1430 3316 1684 3379 eundem
1731 3317 2009 3379 nuncium
2056 3316 2350 3378 instanter
2396 3313 2692 3397 postulari
2741 3315 2893 3377 fecit
2952 3333 2984 3376 a

601 3424 793 3496 nubis,
829 3429 891 3488 nt
931 3423 1206 3506 predicte
1252 3423 1464 3504 regine
1498 3443 1684 3507 super
1722 3423 1841 3487 boc
1896 3424 2233 3486 faceremus
2280 3422 2508 3487 iustitie
2553 3421 2986 3507 plenitudinem

597 3532 888 3596 exhiheri.
949 3529 1075 3595 Nos
1120 3530 1323 3613 itaque
1367 3529 1820 3594 considerantes
1866 3534 2113 3601 attente,
2162 3529 2320 3612 quod
2367 3549 2440 3592 ex
2486 3530 2883 3613 occupatione
2928 3535 2988 3594 et

593 3640 940 3701 detentione
983 3638 1204 3702 iniusta
1249 3637 1522 3704 villarum
1566 3642 1631 3702 et
1676 3642 1974 3701 terrarum
2018 3635 2359 3700 huiusmodi
2406 3657 2522 3702 non
2555 3638 2856 3703 modicum
2887 3643 2984 3702 tue

597 3748 753 3808 fama
785 3747 1026 3828 deperit
1064 3751 1127 3810 et
1165 3747 1375 3818 saluti;
1418 3748 1671 3811 maxime
1705 3764 1883 3828 quum
1915 3744 2212 3809 dictorum
2244 3744 2411 3826 regis
2444 3751 2508 3807 et
2538 3747 2757 3829 regine
2798 3747 2981 3811 subli-

597 3856 769 3916 mitas
789 3902 805 3928 ,
841 3854 999 3917 sicut
1030 3851 1392 3927 audivimus,
1434 3854 1512 3917 sit
1542 3852 1761 3917 exinde
1790 3851 2029 3917 turbata
2058 3852 2328 3933 graviter
2358 3860 2422 3916 et
2452 3852 2716 3928 offensa3
2753 3855 2983 3938 magni-

593 3960 859 4024 tudinem
892 3964 1057 4023 tuam
1089 3959 1414 4041 rogandam
1448 3963 1676 4024 attente
1706 3958 1976 4023 duximus
2008 3964 2072 4021 et
2101 3957 2479 4032 monendam,
2513 3965 2811 4043 quatenus
2840 3981 2983 4046 pro·

597 4068 729 4132 ridn
749 4067 1141 4132 considerans
1164 4077 1228 4130 et
1251 4066 1576 4150 diligenter
1608 4067 1946 4139 attendens,
1963 4066 2121 4151 quod
2146 4087 2326 4151 quum
2349 4069 2518 4149 regis
2547 4071 2743 4133 eterni
2766 4068 2979 4152 benig-

597 4176 749 4240 nitas
805 4176 920 4237 inm
964 4180 1162 4239 terras
1207 4178 1269 4237 et
1311 4172 1464 4238 bona
1510 4173 1764 4258 plurima
1796 4180 1901 4238 tue
1932 4173 2173 4239 subiicit
2202 4177 2513 4258 potestati,
2565 4181 2630 4241 et
2668 4176 2751 4242 de
2794 4178 2981 4262 ipsius

593 4284 914 4348 elementia
946 4302 1090 4365 spes
1122 4280 1290 4344 firma
1320 4281 1573 4364 geritur,
1600 4282 1760 4365 quod
1791 4302 2111 4366 personam
2142 4287 2307 4347 tuam
2339 4283 2537 4348 adhuc
2569 4284 2979 4369 multipliciter

661 4460 705 4520 ἱ]
745 4464 1007 4512 Snfiliisuum
1031 4461 1198 4504 Szolna
1222 4458 1507 4517 (senadors)
1532 4458 1591 4502 im
1616 4459 1861 4504 Bistritzer
1882 4460 2079 4507 District
2101 4462 2191 4522 (ζ’).

657 4543 705 4596 Ἡ]
741 4536 916 4596 Hir-aim,
942 4535 1302 4594 Kirsilynemethi
1328 4539 1660 4599 (Bnyersdorf)
1687 4540 1744 4585 im
1770 4541 2015 4586 Bistritzer
2040 4542 2232 4588 District
2256 4544 2345 4601 (ζ’).

3034 7 3141 540 l

3078 4687 3129 5086 Q—ss--
3126 4592 3128 4655 A*
3127 4527 3130 4572 ,-
