3150 5092
1226 347 1274 420 lli

74 525 174 600 Buba,
191 525 285 601 Becb‚
303 526 417 596 Theca,
435 525 561 598 Cunna,
579 527 673 588 Yeen.
709 524 793 588 Vnde
815 525 884 609 quia
908 545 966 589 non
987 525 1084 588 minus
1101 525 1276 589 collatorum

74 637 281 708 conseruatio,
307 654 394 719 quarn
417 634 667 700 conferendorum
694 654 750 716 pro
779 634 924 716 cuiusque
949 633 1064 697 meritis
1093 634 1275 717 premiorum

75 743 154 808 ratio
182 742 220 806 ad
243 741 476 806 sollicitudinem
503 740 638 825 pertinet
663 741 750 822 regie
773 739 956 820 majestatis,
988 741 1020 802 in
1054 740 1143 804 huius
1171 749 1276 804 nostre

77 850 250 914 donationis
267 851 471 914 testimonium
489 853 520 913 et
535 853 712 932 perpetuam
734 847 905 911 firmitatem
933 852 1109 932 presentem
1131 849 1273 933 pagiuam

76 957 173 1040 sigilli
204 957 301 1022 nostri
332 958 493 1020 munimine
525 956 653 1020 fecimus
675 956 825 1020 roborari.
849 955 959 1020 Datum
981 976 1038 1040 per
1063 976 1166 1020 manus
1183 955 1271 1029 Cleti,

76 1066 146 1129 aule
172 1066 260 1146 regie
288 1064 476 1135 cancellarii,
518 1067 550 1128 22
565 1065 711 1150 prepositi
746 1063 905 1146 Agricnsis
941 1063 1092 1138 ecclesie,
1127 1084 1203 1128 anno
1238 1063 1275 1127 ab

81 1173 277 1238 ncarnatione
304 1172 423 1236 Domini
444 1170 603 1236 mccxlx.
635 1170 747 1235 Eodem
770 1169 943 1235 venerabili
974 1172 1102 1245 122222,
1126 1174 1267 1256 superius

81 1300 118 1345 22
146 1283 251 1364 sepius
279 1285 381 1344 notato
410 1278 631 1362 strigoniensi,
654 1277 825 1342 reuerendo
848 1279 962 1360 Vgrino
992 1277 1152 1344 colocensi
1174 1282 1275 1345 222121-

80 1390 238 1472 221222212
269 1387 463 1452 existentibus
471 1407 481 1460 ;
505 1386 666 1452 Desiderio
689 1383 908 1458 Chauadieusi,
935 1387 1097 1452 Wlbelmo
1123 1389 1277 1474 111222221-

81 1497 243 1569 anomoei,
259 1496 391 1560 Roberto
408 1495 636 1579 vesprimiensi,
652 1493 767 1558 Jacobs
784 1493 938 1566 Vaciensi,
955 1494 1111 1578 Stephano
1127 1496 1277 1580 Zagrabi-

78 1606 164 1678 ensi,
197 1605 312 1668 Thoma
346 1603 506 1686 Agriensi,
550 1602 762 1666 Bartholomeo
796 1601 1130 1687 Quinqueecclesieusi,
1169 1603 1276 1670 Cosme

81 1713 248 1784 lauriensi,
275 1712 444 1776 Alexandro
469 1710 664 1775 Waradiensi
695 1710 861 1794 episcopis,
892 1711 1038 1775 ecclesias
1063 1712 1120 1776 Dei
1147 1713 1279 1776 feliciter

78 1819 330 1901 gubernantibus.
360 1819 486 1883 Nicolao
510 1818 639 1902 palatino
668 1822 699 1881 et
723 1818 834 1882 comite
861 1818 1077 1903 Soproniensi;
1104 1820 1174 1885 1212
1200 1821 1277 1886 bano

81 1934 112 1992 et
130 1929 242 1991 comite
257 1927 451 2008 Zomigiensi.
481 1926 601 1999 Ochuz,
630 1926 736 1990 curiali
753 1928 863 1989 comite
877 1928 1001 2008 regine,
1025 1933 1056 1992 et
1078 1929 1189 1992 comite
1216 1930 1277 1991 Bu·

77 2035 248 2116 drugiensi‚
268 2035 412 2119 Dionysio
443 2034 587 2116 magistro
620 2034 852 2106 tauarnicorum,
885 2041 916 2097 et
933 2037 1043 2099 comite
1067 2036 1138 2098 noni
1168 2034 1277 2107 castri;

77 2143 146 2207 Jula
161 2143 256 2206 fratre
272 2141 392 2214 Ralrols,
410 2141 517 2206 curiali
533 2143 643 2207 comite
660 2142 756 2223 regis,
774 2146 804 2204 et
829 2142 938 2206 comite
959 2141 1103 2224 Keweey,
1136 2144 1272 2206 existen·

78 2250 173 2323 tibus,
202 2249 387 2321 benedicto,
412 2247 473 2312 tilio
497 2248 647 2312 Samuelis
674 2248 838 2322 Nitriensi,
870 2249 988 2313 loanne
1009 2229 1149 2322 Albensi,
1183 2251 1278 2336 Ratyz

79 2358 288 2443 blununyensi,
312 2357 477 2439 Smaragdo
500 2357 694 2430 Posoniensi,
718 2363 748 2420 et
770 2357 884 2421 ceteris
906 2359 1065 2422 comitatus
1092 2358 1278 2423 tenentibus.

78 2468 177 2550 Regni
192 2466 290 2531 nostri
302 2486 379 2531 anno
397 2471 481 2531 sento
497 2467 646 2532 decimo.“

635 2650 718 2721 XVl.

516 2788 601 2848 2222,
620 2788 647 2841 2.
666 2787 726 2841 uun.
744 2785 841 2840 2222.

170 2897 332 2964 Honorius
349 2896 635 2980 -archiepiscopo
660 2894 825 2959 colocensi
841 2930 884 2942 -
905 2893 1042 2976 Benigne
1064 2915 1160 2980 nuper
1185 2916 1273 2960 rece-

78 3006 179 3089 pimus
195 3004 300 3069 literas
321 3009 400 3076 tuas,
432 3024 505 3089 quas
528 3023 595 3068 2222
617 3003 730 3067 dilecto
753 3002 815 3066 lilio
836 3004 875 3066 11.
904 3004 1060 3086 preposito
1089 3003 1274 3076 Veradiensi,

77 3113 124 3178 ad
144 3113 323 3178 Ecclesiam
348 3113 602 3197 Vltrcoyluancm
630 3114 738 3184 electo,
767 3108 805 3173 ad
828 3109 933 3173 sedem
955 3110 1152 3192 apostolicam
1172 3114 1275 3175 trans-

79 3219 203 3290 misisti:
227 3218 426 3283 intelleximus
454 3225 553 3283 autem
585 3239 622 3283 ex
652 3219 858 3302 predictarum
890 3217 971 3281 serie
992 3217 1165 3292 literarum,
1194 3220 1272 3304 quod

79 3326 291 3410 Vltrasyluana
308 3323 440 3389 ecclesia
456 3326 575 3390 nouiter
592 3327 733 3390 destituta
749 3329 883 3409 pastore,
905 3327 1001 3408 ipsius
1029 3326 1089 3390 loci
1113 3327 1274 3410 capitulum

79 3434 118 3498 ad
150 3432 330 3496 electionem
364 3435 499 3518 episcopi
529 3435 745 3516 procedentes,
785 3432 954 3516 predictum
982 3437 1170 3519 prepositum
1205 3457 1272 3500 cunr

79 3541 232 3606 electione
250 3539 402 3604 celebrata
419 3541 458 3603 de
474 3543 541 3624 ipsc
554 3541 618 3614 tibi,
635 3561 692 3624 qua
714 3540 945 3625 metropolitano
962 3543 1097 3625 proprio,
1116 3548 1275 3625 presenta-

79 3654 160 3722 runt,
190 3648 363 3712 confirmari
389 3669 452 3712 earn
476 3649 630 3713 humiliter
651 3650 847 3733 postulantes.
878 3649 925 3713 Tu
946 3653 1044 3713 autern
1068 3649 1107 3714 de
1123 3651 1272 3716 uniuersis

79 3757 202 3840 negocij
236 3756 470 3821 circumstantiis
502 3756 664 3838 diligenter
691 3757 863 3840 inquirens,
895 3758 1067 3841 comperisti
1092 3757 1272 3822 electionem

79 3864 218 3929 eamdem
235 3865 381 3929 canonice
398 3863 592 3935 celebratam,
609 3863 864 3928 concurrentibus
882 3864 918 3929 ad
936 3865 1002 3946 ejus
1020 3865 1275 3930 confirmationem

78 3972 217 4055 ejusdem
235 3972 325 4036 electi
341 3972 523 4056 competenti
540 3972 717 4044 litteratura,
734 3970 895 4037 honestate
908 3993 1032 4047 morum,
1050 3978 1081 4038 et
1096 3994 1221 4056 genere,
1239 3995 1274 4040 ac

77 4081 211 4144 faciente
228 4079 266 4143 ad
283 4080 359 4153 boc,
382 4079 462 4164 quod
491 4080 528 4143 de
553 4081 668 4162 gremio
686 4085 735 4143 est
761 4079 893 4145 ecclesie
914 4086 1088 4146 memorate.
1113 4083 1177 4146 Sed
1204 4085 1273 4169 2212

77 4188 116 4253 221
138 4188 199 4252 1222
227 4185 371 4252 dubitasti
405 4187 562 4261 duntaxat,
595 4187 675 4272 quod
706 4186 737 4249 in
769 4189 865 4252 212222
889 4209 1010 4254 suorum
1034 4189 1121 4255 oculo
1146 4191 1273 4276 quedam

78 4295 197 4361 macula
222 4295 356 4368 videtum
392 4294 514 4377 elegisti
535 4296 635 4378 potius
661 4295 698 4358 ad
720 4315 775 4360 nos
804 4298 902 4379 ipsum
924 4297 1144 4381 inspiciendum
1168 4304 1271 4363 trans-

78 4405 217 4478 mittere,
246 4423 334 4486 22222
360 4404 399 4468 221
419 4401 650 4467 confirmandam
675 4402 855 4467 electionem
872 4403 958 4469 nobis
979 4406 1150 4489 procedere
1164 4406 1273 4471 incon-

79 4511 179 4576 sultis.
202 4511 310 4574 Verum
328 4511 481 4574 humiliter
495 4511 653 4596 postulasti
670 4512 816 4592 magistro
833 4511 869 4574 N.
889 4512 1002 4577 clerico
1018 4519 1069 4578 tuo
1086 4513 1125 4578 ad
1140 4520 1272 4580 nostram
