3150 5092
630 605 768 675 XXXIII.

520 759 601 821 raas,
622 758 667 812 ra.
685 759 748 813 Juli.
766 731 881 812 neate.

192 885 344 950 Honorius
360 921 406 932 —
421 923 464 933 —
483 884 594 948 Illustri
620 886 684 948 viro
706 885 795 956 Belc,
826 885 928 948 iuveni
952 885 1028 966 regi.
1061 884 1218 951 Intellecta
1240 887 1298 949 iam

97 994 225 1068 dudum,
239 995 320 1077 quod
339 995 511 1058 carissimus
528 995 557 1056 in
576 992 698 1057 Christo
715 993 795 1057 filius
812 998 927 1065 noster,
944 993 1070 1057 illustris
1086 1016 1138 1058 rex
1155 995 1299 1075 Vngarie,

95 1106 189 1187 pater
220 1107 307 1173 arus,
349 1103 545 1165 alienationes
576 1101 720 1185 quasdam
752 1101 869 1164 fecerat
899 1101 929 1163 in
966 1102 1167 1183 preiudicium
1211 1104 1300 1184 regni

12 1279 15 1285 ι
96 1211 145 1274 sui
176 1215 209 1273 et
226 1214 331 1274 contra
348 1211 431 1290 regis
454 1210 624 1280 bonorem3'
641 1229 695 1272 nos
718 1228 811 1291 super
833 1208 892 1272 boc
907 1213 1033 1292 paterna
1050 1210 1209 1273 affectione
1224 1231 1299 1274 cou-

97 1319 203 1381 sulere
221 1319 389 1400 cupientes,
407 1317 506 1380 eidem
521 1319 589 1398 regi
606 1316 761 1400 dirigimus
778 1317 894 1400 scripta
912 1323 1025 1388 nostra,
1048 1322 1079 1380 vt
1102 1317 1300 1382 alienationes

95 1424 274 1505 predictas,
302 1443 362 1487 non
384 1424 521 1488 obstante
543 1427 725 1494 iuramento,
752 1424 779 1486 si
796 1424 874 1506 quod
891 1425 965 1487 lecit
982 1423 1020 1486 de
1037 1444 1095 1487 non
1113 1427 1296 1490 reuocandis

99 1533 231 1602 eisdem,
257 1531 377 1594 studeat
400 1551 556 1596 reuocare.
582 1532 674 1613 Quia,
702 1551 793 1616 quum
821 1537 975 1603 teneatur,
1000 1532 1083 1594 etin
1108 1533 1304 1597 coronatione

98 1661 156 1703 sua
174 1640 321 1710 iurauerit
337 1639 434 1712 etiam,
451 1641 516 1703 iura
536 1641 624 1722 regni
637 1641 683 1702 sui
697 1645 727 1702 et
739 1638 883 1702 honorem
897 1658 1009 1702 corone
1032 1639 1146 1703 illibata
1165 1661 1300 1712 seruare,

97 1747 243 1810 illicitum
264 1747 403 1828 profecto
425 1748 490 1819 fuit,
520 1747 546 1810 si
568 1747 701 1830 prestitit
723 1747 761 1810 de
783 1765 843 1808 non
867 1746 1048 1809 reuocandis
1070 1745 1302 1812 alienationibus

97 1853 273 1918 huiusmodi
289 1855 487 1918 iuramentum
507 1860 538 1918 et
553 1863 714 1938 propterea
735 1856 856 1937 penitus
876 1873 935 1916 non
948 1854 1138 1917 seruandum.
1152 1855 1302 1936 Quocirca

99 1963 301 2024 serenitatem
318 1966 399 2024 tuam
414 1981 581 2033 monemus,
599 1967 630 2024 et
645 1962 801 2024 hortamur
818 1964 944 2033 attente,
954 1965 1102 2044 quatenus
1117 1962 1149 2024 in
1164 1983 1200 2024 ca
1217 1964 1302 2043 regni

99 2075 203 2151 parte,
233 2089 319 2152 quam
349 2089 384 2132 cx
406 2069 594 2156 ordinatione
618 2071 712 2153 patris
741 2071 783 2132 tui
808 2068 923 2140 habes,
955 2068 1152 2132 alienationes
1179 2072 1302 2134 easdem

100 2195 252 2240 reuocare
279 2194 438 2258 procures.
461 2179 627 2240 iuramento
651 2177 689 2240 de
716 2177 792 2260 ipsis
819 2196 878 2238 non
893 2176 1081 2247 reuocandis.
1107 2182 1226 2260 apatre
1241 2185 1304 2250 tuo,
1350 2228 1354 2232 Α

5 2275 6 2292 ’
102 2285 154 2348 vel
179 2305 194 2346 a
218 2289 249 2346 te
272 2284 417 2366 prestito,
446 2304 504 2346 non
532 2283 681 2347 obstante.
713 2284 791 2364 Quin
817 2284 919 2368 potius
942 2283 980 2346 de
1007 2284 1156 2347 iuratione
1185 2287 1304 2348 incauta

101 2392 286 2472 condignam
311 2393 523 2475 poenitentiam
547 2413 640 2474 agere
657 2413 716 2456 non
733 2393 863 2455 omittas.
882 2392 987 2454 Datum
1004 2391 1106 2464 Reate,
1130 2393 1202 2457 idib.
1219 2393 1303 2458 Julii.

102 2498 305 2564 Pontificatus
322 2502 417 2563 nostri
430 2519 507 2562 anno
524 2500 573 2563 lX.

631 2719 770 2791 XXXIV.

532 2883 615 2946 1225,
635 2883 758 2955 l.·Sept.
777 2882 890 2936 Reate.

200 3011 350 3083 Honorius
378 3056 421 3066 -
447 3020 635 3085 Vas-adonai
661 3028 693 3084 ct
722 3019 892 3084 Gcaricnac'
921 3019 1085 3101 episcopis.
1118 3017 1306 3082 Detestabile

104 3149 230 3213 semper
255 3133 302 3191 est
324 3128 549 3209 ingratitudinis
566 3129 680 3200 vitium,
699 3146 758 3211 quo
779 3128 846 3211 quis
863 3127 980 3209 accepti
1002 3125 1141 3189 beneficii
1159 3132 1191 3189 ct
1210 3126 1306 3190 bene-

103 3237 231 3302 factoris
249 3235 296 3298 sui
317 3235 432 3318 pariter
454 3234 659 3306 obliuiscitur;
685 3252 752 3296 cum
775 3233 811 3296 ad
838 3233 970 3296 antidota
987 3232 1113 3316 quilibet
1133 3233 1309 3296 naturaliter
1431 3285 1434 3290 .

106 3344 272 3426 obligetur.
287 3342 399 3405 Verum
422 3363 456 3406 ea
476 3341 661 3424 ingratitudo
682 3339 891 3405 detestabilior
913 3340 1109 3421 dignoscitur,
1139 3360 1205 3404 cum
1230 3341 1307 3424 quis,

108 3472 168 3516 nou
193 3452 289 3515 solum
306 3471 364 3513 non
382 3455 428 3512 est
445 3469 557 3512 memor
573 3449 665 3521 illius,
683 3469 699 3510 a
717 3468 775 3532 quo
794 3469 828 3510 se
845 3450 928 3511 nouit
943 3447 1121 3512 beneficium
1139 3449 1305 3531 recepisse,

25 3585 40 3602 ·
108 3560 164 3624 sed
186 3559 296 3621 malum
319 3557 348 3620 ei
370 3577 425 3640 pro
447 3555 525 3620 bono
543 3555 692 3628 retribuitr
712 3561 742 3619 ct
764 3556 864 3619 odium
881 3575 937 3639 pro
954 3576 1065 3619 amore.
1092 3556 1305 3640 conquerente

106 3687 183 3731 sane
201 3666 379 3729 charissimo
394 3665 424 3727 in
443 3664 565 3728 Christo
582 3664 643 3729 filio
660 3671 763 3731 nostro
783 3667 818 3727 Α.
840 3665 952 3733 illustri
969 3684 1044 3745 rege
1068 3664 1230 3744 Hungarie,
1248 3685 1305 3747 per

104 3773 251 3840 dilectum
274 3771 366 3840 filiurn
391 3771 447 3836 Ma.
485 3771 686 3844 Florentium,
722 3773 880 3837 custodem
916 3771 1134 3842 Orodiensern‚
1167 3774 1305 3857 nuncium

107 3880 304 3954 suum‚nobis
317 3879 460 3942 innotuit:
476 3879 556 3963 quod
569 3900 641 3949 cum
652 3881 684 3942 in
701 3879 828 3962 quadam
841 3886 927 3962 parte
940 3879 1027 3960 regni
1040 3881 1087 3943 sui
1100 3878 1308 3964 hospitalariis

106 3990 143 4056 S.
171 3987 277 4052 Marde
316 3985 603 4058 santonicorum,
636 3992 747 4051 terram
787 3991 825 4053 ad
861 3990 985 4069 triginta
1023 3989 1162 4052 duntaxat
1199 3995 1309 4062 aratra,

108 4096 267 4160 charitatis
292 4093 412 4165 intuitu,
436 4091 604 4156 llberaliter
626 4096 816 4168 contulisset,
832 4095 923 4159 iidem
948 4096 1127 4160 liberalitate
1148 4099 1256 4180 ipsius,
1273 4117 1308 4160 ac

106 4204 207 4286 gratia
233 4221 294 4263 non
322 4201 456 4264 contenti
490 4201 582 4264 multo
616 4201 743 4285 amplius
777 4223 967 4287 occupauere
999 4203 1037 4266 de
1064 4210 1145 4268 terra
1170 4206 1200 4266 in
1223 4209 1309 4286 parte

108 4311 264 4396 predicta;
288 4309 355 4393 ipso
388 4308 606 4372 contendentes
635 4311 728 4373 inuito
753 4315 869 4373 armata
892 4328 990 4380 manu,
1014 4310 1092 4392 quod
1115 4315 1310 4393 occuparunt,

110 4418 213 4481 taliter
229 4416 380 4488 retinere;
408 4421 498 4497 prout
514 4423 690 4498 presentata
711 4417 799 4480 nobis
817 4414 1003 4499 quorundam
1021 4415 1169 4507 ‘abbatum
1193 4414 1309 4478 Cister-

120 4526 232 4592 cicnsis
255 4524 369 4590 ordinis
392 4523 494 4586 littere
517 4523 709 4600 declararunt
735 4525 766 4586 in
795 4544 920 4609 quorum
950 4523 1104 4606 presentia
1126 4523 1247 4608 quidam
1275 4542 1312 4585 ex

1056 4627 1094 4680 31
