3150 5092
302 348 352 420 30

300 542 357 588 nee
372 522 433 606 ipsi
449 521 545 586 eciam
561 521 681 586 mittere
696 525 863 586 teneantur.
885 521 1067 586 Sacerdotes
1079 543 1153 588 uero
1170 543 1241 588 suos
1257 521 1354 589 libere
1367 523 1492 604 eligant,

299 634 331 693 et
347 630 463 694 electos
478 633 701 713 representem,
725 635 754 694 et
770 629 845 712 ipsis
868 629 1000 694 decimas
1021 631 1203 714 persolvant,
1226 631 1310 695 etde
1329 629 1410 692 omni
1421 630 1492 710 jure

299 736 518 808 ecclesiastico,
526 736 690 802 secundum
698 737 848 820 antiquam
860 738 1109 804 consuetudinem
1122 739 1166 802 eis
1175 737 1389 821 respondeant.
1400 734 1494 798 Volu-

298 865 364 908 mus
380 851 413 909 et
428 845 522 908 eciam
538 844 664 908 tirmiter
681 844 883 928 precipimus,
908 851 1056 928 quatenus
1079 850 1162 932 ipsos
1185 847 1284 911 nullus
1297 847 1417 930 judicet
1433 844 1491 906 nisi

299 971 363 1026 nos,
379 952 428 1017 vel
444 971 547 1016 comes
563 950 784 1034 Chpbiniensis,
803 973 891 1037 quem
916 973 970 1018 nos
993 955 1037 1019 eis
1061 955 1127 1020 loco
1150 959 1182 1019 et
1208 960 1347 1039 tempore
1370 952 1487 1017 consti·

296 1064 425 1122 tuemus.
451 1059 486 1122 si
509 1077 582 1124 uero
599 1077 701 1122 coram
724 1079 903 1145 quocunque
920 1060 1026 1142 judice
1046 1062 1264 1134 remanserint,
1286 1059 1490 1125 tantummodo

292 1167 440 1249 judicium
457 1167 751 1233 consuetudinarium
767 1169 899 1233 reddere
916 1173 1084 1242 teneantur,
1105 1191 1163 1234 uec
1186 1190 1239 1234 eos
1263 1170 1359 1234 eciam
1383 1167 1490 1250 aliquis

295 1276 333 1339 ad
354 1277 545 1360 presenciam
577 1279 709 1340 nostram
742 1277 837 1341 citare
868 1283 1067 1362 presummat,
1098 1279 1160 1343 nisi
1183 1300 1271 1343 causa
1300 1297 1403 1342 coram
1434 1295 1487 1339 suo

291 1384 407 1466 judice,
424 1403 483 1448 non
500 1384 596 1467 possit
611 1384 776 1447 terminari.
792 1385 900 1450 Preter
916 1406 989 1450 uero
1002 1387 1186 1470 supradicta,
1204 1387 1308 1450 siluam
1317 1389 1489 1451 Blascorum

295 1498 327 1557 et
357 1493 561 1557 Bisoenorum
577 1512 644 1556 cum
661 1495 745 1577 aquis
767 1513 840 1558 usus
858 1514 1030 1560 communes
1058 1495 1229 1560 exercendo
1253 1515 1320 1558 curn
1342 1495 1490 1578 predictis

295 1601 417 1666 scilicet
439 1602 549 1666 Blacis
565 1608 596 1666 et
617 1601 760 1666 Bissenc'o
777 1603 893 1668 eisdem
915 1605 1100 1678 contulimus,
1123 1610 1156 1670 ut
1182 1605 1299 1688 prelata
1321 1604 1489 1685 gaudentes

292 1709 435 1773 libertate
455 1708 529 1772 nulli
550 1708 621 1771 inde
637 1711 754 1773 seruire
776 1715 944 1776 teneantur.
980 1712 1108 1797 Insuper
1130 1715 1245 1778 eisdem
1268 1712 1486 1783 concessimus,

293 1816 373 1901 quod
394 1817 512 1881 unicum
534 1815 664 1897 sigillum
690 1817 834 1890 babeant,
858 1819 939 1903 quod
960 1821 1039 1904 apud
1055 1841 1109 1884 uos
1133 1825 1165 1884 et
1185 1826 1341 1902 magnates
1364 1823 1486 1882 nostros

294 1925 453 1988 euidenter
485 1929 697 2005 cognoscatur.
733 1924 767 1988 Si
798 1947 870 1989 uero
899 1927 1007 2010 aliquis
1035 1949 1138 1993 eorum
1166 1930 1294 2014 aliquem
1323 1927 1489 1992 conuenire

293 2030 436 2103 voluerit,
454 2031 484 2093 in
501 2049 592 2094 causa
609 2030 773 2113 pecuniali,
791 2051 891 2096 coram
904 2034 1008 2115 jndice
1025 2057 1084 2101 non
1097 2039 1195 2120 possit
1209 2037 1253 2100 uti
1268 2036 1413 2112 testibus,
1430 2033 1488 2097 nisi

292 2139 432 2222 personis
448 2138 525 2200 intra
542 2139 686 2202 terminos
704 2158 806 2202 eorum
823 2141 1006 2215 constitutis,
1028 2145 1113 2225 ipsos
1136 2143 1172 2206 ab
1195 2145 1274 2208 ornni
1287 2142 1487 2224 jurisdicione

290 2246 410 2330 penitus
427 2245 598 2311 eximentes.
627 2244 777 2330 Salesque
794 2248 934 2321 minutos,
958 2251 1124 2314 secundum
1142 2251 1290 2334 antiquam
1305 2250 1487 2317 libertatem,

291 2352 374 2418 circa
401 2352 512 2415 festum
540 2352 621 2416 beati
649 2352 773 2434 Geor-gij
798 2358 866 2418 octo
891 2353 1014 2429 diebus,
1045 2357 1127 2420 circa
1159 2358 1268 2419 festum
1290 2354 1372 2418 beati
1400 2353 1485 2435 regis

290 2458 438 2543 Stephani
459 2465 527 2523 octo
552 2464 584 2523 et
610 2460 693 2525 circa
717 2461 826 2525 festum
851 2463 931 2526 beati
952 2464 1072 2529 Martini
1099 2465 1240 2527 similiter
1268 2470 1335 2526 octo
1363 2460 1483 2533 diebus,

290 2565 425 2630 omnibus
462 2566 559 2630 libere
589 2566 783 2651 recipiendos
815 2571 1030 2634 concedentes.
1073 2571 1146 2635 ltem
1177 2575 1280 2656 preter
1310 2570 1485 2654 supradicta

286 2675 401 2740 eisdem
418 2675 624 2748 concedimus,
642 2676 721 2758 quod
738 2675 836 2739 nullus
857 2677 1099 2751 tributariorum,
1125 2700 1180 2742 nec
1204 2678 1398 2742 ascendendo
1428 2697 1484 2740 nec

288 2782 503 2846 descendendo
533 2788 717 2866 presummat
740 2784 888 2867 impedire
913 2806 977 2850 eos.
1011 2786 1126 2850 Siluam
1149 2806 1221 2850 uero
1255 2806 1322 2850 curn
1345 2785 1485 2848 omnibus

286 2891 475 2974 appendiciis
500 2890 562 2954 suis
580 2894 611 2953 et
629 2911 771 2975 aquarum
788 2912 860 2956 usus
886 2914 952 2957 cum
976 2896 1039 2959 suis
1055 2895 1215 2968 meatibus,
1247 2915 1306 2979 que
1329 2894 1368 2957 ad
1388 2893 1483 2957 solius
1533 2956 1537 2960 .

287 3002 370 3084 regis
394 3003 534 3084 spectant
560 2999 775 3070 donacionem.
802 3003 938 3066 omnibus
960 3009 1020 3067 tam
1037 3004 1219 3089 pauperibus
1235 3023 1322 3089 quarn
1340 3005 1485 3071 diuitibus

286 3107 384 3172 libere
411 3107 603 3173 concedimus
633 3108 829 3172 exercendos.
857 3109 996 3175 Volumus
1023 3115 1118 3176 eciam
1143 3117 1174 3175 et
1193 3114 1278 3194 regia
1302 3114 1483 3177 auctoritate

285 3217 478 3299 precipimus,
497 3219 527 3278 ut
549 3214 647 3278 nullus
665 3217 703 3278 de
717 3216 931 3298 jobagionibus
947 3222 1070 3291 uostris,
1088 3221 1188 3285 villam
1203 3221 1251 3287 vel
1267 3223 1405 3306 predium
1424 3221 1481 3284 ali-

285 3325 365 3404 quod
382 3344 399 3386 a
415 3323 500 3402 regia
517 3323 674 3386 maiestate
691 3324 801 3386 audeat
816 3325 980 3407 postulare,
1001 3327 1027 3390 si
1045 3348 1118 3391 uero
1143 3329 1253 3413 aliquis
1270 3329 1480 3412 postulauerit,

282 3428 398 3493 indulta
421 3431 465 3493 cis
486 3428 628 3493 libertate
649 3450 666 3492 a
688 3429 774 3492 nohis
803 3433 1020 3498 contradicant.
1050 3434 1215 3500 Statuimus
1243 3439 1367 3519 iusuper
1389 3437 1481 3500 dictis

283 3538 432 3610 fidelibus,
446 3544 478 3603 ut
494 3559 560 3602 cum
578 3539 615 3602 ad
632 3539 857 3621 expedicionem
873 3543 911 3605 ad
927 3543 1009 3625 ipsos
1026 3565 1081 3607 nos
1098 3546 1202 3610 uenire
1219 3547 1391 3628 contigerit,
1415 3553 1479 3610 tres

283 3646 451 3710 descensus
465 3651 578 3710 tantum
591 3646 713 3710 soluere
734 3649 909 3713 adnostros
928 3671 1000 3715 usus
1018 3657 1184 3716 teneantur.
1202 3655 1237 3718 si
1250 3674 1321 3718 uero
1340 3656 1479 3738 rayuoda

283 3754 321 3817 ad
338 3753 474 3835 regalem
501 3753 659 3817 utilitatem
677 3753 713 3816 ad
731 3753 815 3839 ipsos
843 3757 890 3819 uel
907 3778 964 3842 per
979 3765 1091 3822 terram
1107 3761 1241 3844 ipsorum
1257 3764 1480 3835 transmittitur,

283 3860 359 3923 duos
390 3862 576 3932 descensus,
605 3881 693 3923 vnum
724 3862 754 3923 in
782 3863 903 3928 introitu
937 3872 967 3929 et
993 3888 1081 3932 vnum
1104 3869 1134 3931 in
1166 3871 1247 3934 exitu
1278 3871 1397 3934 soluere
1420 3893 1480 3934 non

271 3972 434 4056 recusent.
460 3969 614 4032 Adicimus
639 3970 734 4032 eciam
751 3971 935 4052 supradictis
955 3975 1143 4041 libertatibus
1165 3979 1380 4064 predictorum,
1398 3959 1477 4064 quod

281 4082 465 4140 mercatores
480 4096 582 4140 eorum
599 4076 777 4162 ubicumque
795 4078 944 4145 voluerint
959 4083 989 4145 in
1005 4105 1101 4166 regno
1119 4092 1223 4150 nostro
1242 4088 1338 4151 libere
1354 4093 1388 4152 et
1410 4091 1476 4152 sine

279 4184 391 4249 tributo
421 4184 531 4248 uadant
552 4189 582 4247 et
606 4189 808 4257 reuertuntur,
833 4187 1000 4253 efficaciter
1012 4191 1063 4271 jus
1090 4214 1175 4257 suum
1197 4197 1284 4276 regie
1300 4198 1476 4259 serenitatis

277 4293 387 4356 intuitu
413 4296 645 4376 prosequentes.
682 4291 787 4354 Omnia
815 4296 912 4360 eciam
927 4300 991 4362 fora
1014 4321 1117 4364 eorum
1140 4303 1219 4366 inter
1235 4305 1317 4387 ipsos
1333 4305 1402 4368 sine
1417 4306 1475 4367 tri·

278 4400 361 4463 botis
377 4402 562 4484 precipimus
580 4399 746 4464 obseruari.
771 4401 811 4464 Vt
827 4408 925 4467 antem
941 4406 1010 4480 lrec,
1034 4428 1092 4492 que
1108 4414 1177 4474 ante
1190 4411 1269 4476 dicta
1286 4416 1364 4485 sunt,
1387 4413 1474 4476 firma

279 4513 310 4571 et
326 4511 508 4573 inconcussa
526 4511 721 4592 permaneant
743 4508 772 4570 in
799 4516 964 4592 posterum,
985 4525 1158 4600 presentem
1182 4522 1321 4606 paginam
1344 4525 1474 4608 duplicis
