3150 5092
1237 314 1288 384 69

69 481 251 566 impertiri,
274 483 347 549 hinc
364 486 508 571 estquod
535 486 572 549 ad
598 486 738 548 noticiam
754 485 974 555 universorum,
999 484 1108 568 quibus
1132 489 1293 569 presentes

71 589 290 654 ostenduntur
312 595 448 657 volumus
472 595 652 677 pervenire,
678 593 756 679 quod
782 591 922 656 lidelibus
938 592 1106 677 hospitibus
1127 595 1239 656 nostris
1259 595 1292 656 in

72 697 207 782 Wynch
229 701 306 762 etin
323 700 504 782 Burgbergh
521 700 784 772 commorantibus,
798 713 915 763 omnem
932 720 988 784 per
1001 701 1097 764 omnia
1111 699 1291 774 libertatem,

69 806 232 872 videlicet
247 809 279 871 in
296 809 393 880 siluis,
412 812 534 892 pascuis
557 815 589 874 et
611 813 705 893 aquis,
723 813 789 873 sine
815 830 940 894 quorum
962 810 1123 874 aminiculo
1140 816 1293 894 tempora·

67 914 143 980 liter
167 917 243 980 vita
265 917 392 980 bumana
414 938 472 982 non
502 918 633 991 ducitur,
662 938 748 1003 quam
772 916 885 980 habent
905 918 1110 1000 provinciales
1133 919 1292 984 comitatus

70 1022 324 1108 Scpbiniensis,
353 1025 489 1090 duximus
517 1026 748 1108 indulgendam,
784 1031 926 1109 preterea
955 1025 1071 1090 eisdem
1100 1025 1290 1109 indulgemus
1348 1082 1352 1088 .

69 1136 240 1216 quatenus
258 1133 297 1196 dc
312 1133 402 1216 plena
416 1134 498 1196 curia
517 1133 603 1197 nobis
620 1130 747 1217 quilibet
763 1133 915 1196 annuatim
934 1133 992 1195 tria
1010 1132 1144 1215 pondera
1161 1133 1291 1214 argenti,

68 1236 204 1303 decime
226 1240 444 1312 conbustionis,
462 1244 576 1304 etcum
593 1259 700 1321 magna
717 1244 831 1304 statera
847 1238 967 1304 solvere
988 1244 1164 1313 tencantur,
1189 1239 1291 1304 selde-

70 1347 187 1410 narins
208 1367 286 1411 vero
308 1347 423 1412 babens
446 1369 574 1432 pecora,
600 1348 718 1430 pondus
735 1354 766 1410 et
785 1347 954 1419 dimidium,
979 1368 1036 1411 non
1059 1346 1174 1411 babens
1191 1353 1289 1412 autem

71 1474 210 1537 pecora,
233 1475 321 1519 unum
338 1457 475 1538 predicto
493 1456 580 1521 modo
597 1457 761 1540 persolvat.
779 1454 980 1519 concedimus
1003 1457 1092 1520 etiam
1113 1464 1146 1520 ut
1162 1458 1201 1521 dc
1223 1459 1291 1523 navi

71 1581 134 1644 que
152 1564 265 1646 Kerep
283 1563 395 1628 dicitnr
408 1563 486 1628 ultra
504 1563 657 1627 llorisium
675 1569 796 1627 secatur
812 1561 909 1626 solvat
925 1563 1084 1636 fertonem,
1114 1570 1146 1627 et
1168 1564 1291 1628 denari

72 1668 156 1733 Olcb
177 1670 348 1743 dimidium,
366 1671 404 1734 de
420 1672 564 1735 naviculis
582 1691 653 1736 vcro
670 1673 726 1734 tria
745 1672 889 1756 pondera,
907 1671 947 1734 dc
968 1677 1095 1752 argento
1117 1677 1211 1742 terre,
1236 1672 1289 1736 sed

59 1767 146 1841 'cum
166 1784 287 1842 statera
303 1779 487 1863 supradicta,
498 1781 576 1842 sicut
592 1786 816 1844 consueverunt
823 1781 961 1844 canonici
974 1782 1117 1864 accipere
1129 1779 1289 1852 Albenses,

71 1907 173 1970 super
200 1906 320 1970 aquam.
350 1887 384 1950 Si
408 1893 506 1951 antem
531 1889 628 1973 alique
646 1909 736 1953 naves
761 1889 825 1951 sive
847 1907 957 1969 magne
978 1890 1042 1951 sive
1058 1907 1152 1972 parve
1173 1910 1210 1950 cx
1231 1888 1290 1951 ista

5 2001 6 2004 ’
72 1999 171 2076 parte
185 2000 330 2086 secantur¹
347 1993 551 2058 nihilomnino
568 1996 761 2080 recipiemus.
779 1996 952 2059 Transitum
969 1997 1093 2078 insuper
1109 1996 1226 2060 itiorisii
1243 1998 1289 2059 cis

75 2101 218 2165 liberum
246 2103 428 2166 conferimus
456 2107 543 2186 parte
565 2123 601 2166 ex
623 2111 759 2189 utraque,
783 2103 918 2167 volumus
953 2106 1111 2189 preterea,
1143 2105 1290 2188 quatenus

76 2209 170 2273 nobis
185 2212 337 2273 annuatim
354 2210 384 2274 in
402 2209 519 2274 duobus
532 2210 680 2293 hospitiis,
695 2213 720 2274 si
738 2211 774 2274 ad
788 2231 844 2274 cos
857 2211 1109 2276 declinaverimus
1120 2216 1289 2284 tencantur,

77 2319 246 2381 sinautem
268 2339 327 2381 non
347 2325 432 2382 erunt
445 2318 579 2401 obligati,
596 2325 629 2383 ut
645 2340 719 2401 ergo
731 2321 870 2403 predicta
886 2319 979 2383 robur
995 2321 1162 2403 optineant,
1180 2320 1291 2383 decre·

77 2425 180 2488 ulmus
201 2425 297 2505 sigilli
322 2427 416 2488 nostri
439 2427 600 2490 munimine
622 2426 774 2490 roborare.
800 2427 908 2492 Datum
931 2428 961 2489 in
984 2427 1070 2490 lliad
1087 2446 1163 2490 anno
1179 2425 1289 2489 domini

81 2531 297 2597 uccxuvlu.

620 2701 745 2772 uxvrl.

552 2837 638 2899 1251,
658 2838 683 2892 a.
703 2838 811 2893 sanun.

179 2963 270 3035 Bela,
293 2965 351 3026 Dei
373 2965 470 3045 gratia
492 2965 662 3045 ilungaric,
686 2964 852 3034 Dalmatio,
875 2962 1016 3036 croatie,
1038 2963 1147 3034 Reme,
1171 2962 1292 3034 Servis,

84 3070 235 3144 Gallicis,
254 3069 451 3140 bodomeric,
469 3069 672 3155 Cumanieque
692 3093 763 3144 rex,
781 3074 927 3155 magistro
944 3072 1118 3136 Laurentio
1132 3073 1293 3155 woywodc

84 3183 194 3243 nostro
219 3179 351 3261 partium
369 3173 653 3252 Ultrasilvanarum,
679 3185 710 3244 et
732 3181 836 3243 comiti
852 3179 897 3244 tle
914 3178 1034 3242 Walko.
1066 3178 1202 3242 Salutem
1225 3197 1293 3241 cum

85 3294 204 3355 uvore.
223 3284 298 3349 Cum
314 3285 521 3367 intelligamus
534 3293 666 3352 castrum
680 3296 816 3353 nostrum
829 3289 935 3370 regale
952 3287 1054 3352 chtb
1066 3285 1205 3351 Leleulcb
1218 3285 1246 3370 ¹)
1263 3286 1295 3348 in

86 3393 232 3458 confiniis
249 3399 332 3456 terre
351 3394 520 3459 Siculorum
537 3398 665 3479 partium
683 3400 853 3461 nostrarum
870 3396 1140 3459 Ultrasilvanarum
1153 3394 1294 3476 positum,

84 3500 298 3586 superioribus
315 3503 401 3565 annis
415 3525 471 3587 per
483 3505 677 3568 Tartarorum
694 3486 808 3568 rabiem
825 3524 951 3586 regnum
975 3508 1110 3567 nostrum
1130 3503 1292 3565 devastan—
1320 3543 1322 3548 ι

85 3615 163 3674 tium
179 3610 316 3673 nonnihil
335 3617 543 3676 concussatum
567 3617 598 3676 et
617 3612 804 3677 destructum
821 3633 902 3684 esse,
920 3632 1017 3696 neque
1045 3609 1082 3672 ab
1101 3628 1137 3672 eo
1157 3614 1295 3693 tempore

86 3723 290 3783 restauratum
313 3716 438 3789 haberi,
468 3719 538 3784 binc
568 3721 596 3784 vi
618 3721 697 3802 regii
719 3721 815 3784 nostri
842 3721 991 3792 muneris,
1024 3740 1083 3803 quo
1106 3717 1177 3781 buic
1199 3738 1294 3800 regno

85 3832 206 3896 nostru,
224 3825 436 3910 subjectisque
450 3827 538 3891 nobis
551 3828 682 3911 populis,
698 3828 923 3910 eorundemque
939 3827 1028 3890 saluti
1041 3825 1293 3908 superinvigilare

87 3933 249 4004 tenemur,
274 3934 412 3998 fidelitati
433 3939 485 3998 tue
515 3935 620 4000 harum
647 3938 727 4001 serie
752 3936 925 4000 firmissime
948 3935 1122 3998 mandamus
1139 3939 1170 3998 et
1189 3935 1291 4016 preci-

5 4089 6 4134 3
87 4045 199 4126 pimus,
210 4046 243 4105 ut
257 4047 389 4106 castrum
404 4043 613 4118 Zentbleleulr,
631 4042 667 4107 ab
686 4045 816 4128 antiquis
832 4043 889 4107 iam
903 4041 1090 4127 temporibus
1108 4043 1138 4104 in
1150 4043 1288 4112 salutem,

5 4168 6 4190 ³
89 4155 120 4216 et
136 4154 271 4213 tutamen
288 4149 468 4232 populorum
484 4156 656 4215 nostrorum
675 4156 756 4216 terre
777 4152 988 4224 Ultrasilvane,
1005 4151 1036 4213 in
1052 4151 1129 4234 ipsis
1151 4149 1288 4214 confiniis

97 4321 197 4331 ..-.--

5 4413 6 4416 ’
112 4414 137 4474 ¹)
156 4415 314 4458 Szenthelek
339 4428 367 4458 an
390 4417 432 4460 der·
456 4417 547 4464 Grcnzc
569 4418 760 4476 stenenbnrpens
783 4421 829 4467 und
849 4420 891 4466 der·
909 4419 1015 4472 mntdau,
1039 4419 1063 4463 in
1079 4418 1122 4462 der
1139 4416 1235 4476 (legend
1253 4415 1294 4461 des

154 4495 262 4553 ojtosser
278 4496 368 4542 Passes.
