3150 5092
1221 392 1270 463 33

74 570 178 629 nostra
194 570 342 649 rogantes
371 571 401 630 et
428 564 619 630 exhortantes
643 570 675 630 ut
699 586 791 649 super
808 565 866 630 hoc
883 566 920 630 ab
938 586 1040 630 eorum
1056 566 1273 651 inquietatione

75 673 265 747 desisteres,
297 676 450 758 quinimo
474 673 551 738 sicut
567 673 673 737 honori
696 680 747 738 tuo
765 675 887 757 expedit
908 680 940 739 et
964 674 1068 746 saluti,
1104 675 1189 758 ipsos
1216 694 1273 757 pro

75 783 248 844 reverentia
266 781 365 846 diviua
383 786 413 846 et
436 786 537 844 nostra
554 781 734 845 defenderes
752 787 782 858 et
799 782 933 845 foveres.
957 781 1062 866 Nuper
1078 785 1177 844 autern
1196 800 1273 863 que-

76 886 170 950 relam
200 889 365 952 eorundem
386 889 564 971 recepimus,
590 889 802 961 coutinentem,
820 890 899 975 quod
915 891 945 952 in
962 888 1146 973 quorundam
1164 887 1273 968 malig-

73 1014 179 1059 norum
196 996 340 1060 instinctu
356 1002 466 1060 terram
483 999 578 1079 ipsam
595 997 625 1058 in
641 998 750 1079 grandi
766 1002 799 1060 et
821 999 908 1078 gravi
932 998 1066 1082 equitum
1083 994 1273 1058 multitudine

75 1103 239 1175 intravisti,
262 1105 397 1187 adeoque
414 1105 547 1186 gravasti
569 1105 679 1168 tratres
696 1107 779 1187 ipsos
798 1111 829 1169 et
851 1125 955 1168 eorum
983 1105 1119 1168 homines
1142 1103 1273 1166 exactio·

75 1210 164 1274 nibus
181 1233 218 1276 ac
235 1214 387 1296 expensis,
403 1213 483 1297 quod
499 1216 544 1277 eis
562 1213 763 1277 damnificatis
780 1214 818 1277 ad
834 1214 995 1278 valentiam
1011 1213 1094 1278 mille
1107 1232 1274 1276 marcarum

76 1322 106 1380 et
127 1318 218 1390 vltra,
249 1325 360 1396 terram
380 1323 489 1404 ipsam.
515 1341 601 1406 quam
621 1341 686 1384 cum
705 1323 798 1385 multo
813 1342 1010 1405 personarum
1032 1327 1063 1384 et
1083 1342 1183 1384 rerum
1207 1320 1273 1383 dis·

77 1427 188 1509 peudio
206 1427 437 1510 populaveraut,
462 1430 508 1492 eis
529 1435 559 1492 et
581 1431 639 1513 ipsi
656 1436 740 1493 terro
763 1435 868 1493 sancte
891 1450 971 1513 pene
992 1431 1112 1511 penitus
1140 1426 1274 1490 inutilem

77 1534 255 1606 reddidisti;
275 1535 422 1620 quoddam
441 1556 559 1621 quoque
572 1541 714 1608 castrum,
730 1538 810 1621 quod
826 1539 903 1600 vltra
917 1543 1033 1601 montes
1046 1536 1155 1598 nivium
1173 1535 1274 1598 multis

77 1646 309 1707 construxerant
324 1644 476 1710 laboribus
494 1653 524 1708 et
540 1649 681 1728 expensis
698 1649 865 1731 occupasti,
882 1647 1099 1730 providentiam
1114 1644 1275 1733 (0113111-

77 1750 134 1814 bus
152 1771 256 1815 eorum
274 1753 431 1816 abeodem
450 1755 566 1836 ejectis,
584 1759 615 1816 et
631 1774 721 1837 quum
737 1755 875 1818 bomiues
892 1756 935 1818 tui
952 1754 1096 1839 quosdam
1114 1755 1223 1817 fratres
1245 1758 1276 1815 et

78 1860 217 1923 homines
228 1861 391 1924 eorundem
409 1861 588 1938 occiderint,
602 1863 748 1947 quosdam
763 1862 985 1927 vulneraverint
997 1867 1029 1925 et
1045 1860 1189 1945 quosdam
1207 1881 1275 1923 car-

77 1970 144 2031 ceri
162 1968 410 2050 mancipaverint,
428 1978 460 2032 tu
476 1969 513 2032 ab
531 1971 575 2032 eis
592 1969 745 2033 humiliter
761 1971 935 2053 requisitus,
967 1974 999 2033 vt
1012 1990 1104 2054 super
1118 1969 1168 2031 his
1184 1971 1277 2031 satis·

78 2075 146 2139 lieri
162 2075 294 2148 iaceres,
312 2079 513 2161 querimonias
529 2097 633 2142 eorum
651 2083 682 2140 et
697 2098 809 2161 preces
826 2080 948 2162 penitus
966 2077 1126 2140 obaudisti.
1138 2075 1276 2158 Denique

77 2203 146 2247 cum
163 2203 201 2247 ex
218 2189 303 2266 parte
318 2189 367 2247 tua
392 2185 501 2248 suisset
517 2186 703 2268 propositum
726 2205 827 2248 coram
850 2184 951 2256 uobis,
985 2184 1065 2268 quod
1088 2184 1146 2266 ipsi
1163 2185 1276 2245 iratres

77 2289 269 2355 liberalitatis
293 2296 344 2354 tue
368 2291 514 2356 beneficio
531 2312 591 2354 uon
608 2295 757 2365 contenti,
788 2293 843 2356 sed
860 2292 981 2373 egressi
1003 2290 1079 2354 fines
1103 2289 1279 2373 possessio·

78 2419 147 2461 num
165 2420 180 2463 a
198 2408 229 2463 te
246 2399 303 2462 sibi
320 2419 532 2464 concessarum
548 2401 653 2463 intuitu
670 2401 803 2483 pietatis,
827 2401 970 2485 quasdam
988 2419 1023 2463 ex
1039 2400 1100 2463 tuis
1122 2397 1275 2482 possessi-

78 2505 187 2569 onibus
206 2512 399 2591 occuparant,
423 2527 538 2591 nosque
554 2527 611 2593 per
628 2508 731 2571 literas
749 2515 868 2572 nostras
884 2508 1143 2571 mandavissemus
1160 2505 1275 2567 eisdem

81 2619 113 2677 ut
130 2633 198 2679 eum
221 2636 276 2678 eos
303 2636 361 2679 non
390 2617 500 2680 deceat
522 2617 666 2680 invadere
690 2617 803 2688 aliena,
833 2621 864 2681 et
891 2618 973 2701 ipsas
995 2616 1206 2699 possessiones
1227 2619 1279 2676 tue

81 2721 256 2786 celsitudini
278 2725 474 2787 restituerent
491 2728 522 2788 et
538 2725 576 2788 ab
592 2725 791 2806 occupatione
806 2726 931 2788 aliorum
945 2724 1088 2788 bonorum
1106 2728 1222 2786 tuorum
1239 2720 1277 2784 de

79 2835 184 2894 cetero
201 2830 404 2904 abstinerent,
420 2836 469 2903 tu,
487 2833 565 2916 quod
583 2831 784 2896 intelleximus
801 2833 840 2896 de
856 2829 1099 2915 possessionibus
1118 2828 1178 2891 illis
1203 2847 1277 2912 quas

79 2937 258 3002 dicebantur
274 2945 357 3004 extra
375 2961 587 3004 concessarum
604 2940 662 3003 sibi
679 2943 823 3003 terminos
846 2959 1022 3022 occupasse,
1051 2939 1149 3001 nitens
1177 2941 1278 2999 retor-

79 3068 174 3132 quere
198 3048 235 3111 ad
255 3049 338 3120 illas,
371 3049 524 3132 quasillis
546 3049 605 3111 imo
633 3050 699 3113 Deo
732 3049 780 3131 pia
804 3048 988 3111 liberalitate
1016 3047 1134 3111 donasti
1157 3051 1188 3108 et
1216 3065 1275 3128 que

78 3154 214 3237 ipsorum
246 3156 351 3219 domus
382 3162 452 3220 sunt
487 3156 525 3218 ad
558 3177 667 3240 preces
697 3163 764 3219 tuas
792 3155 971 3219 auctoritate
1005 3153 1172 3238 apostoliea
1203 3171 1277 3215 con-

78 3260 207 3333 firmate,
240 3264 407 3347 precepisti
432 3264 547 3327 eisdem
570 3269 602 3326 ut
631 3270 729 3328 terras
761 3266 861 3346 ipsas,
894 3266 973 3327 sicut
1000 3263 1058 3324 iam
1088 3260 1231 3331 diximus,
1259 3279 1275 3321 a

78 3372 110 3430 te
138 3369 198 3432 sibi
231 3370 356 3434 donatas
388 3371 494 3434 intuitu
529 3370 653 3452 pietatis
673 3376 703 3434 et
731 3392 746 3433 a
775 3369 852 3432 sede
879 3369 1043 3452 apostoliea
1073 3364 1275 3437 confirmatas,

77 3475 134 3538 tibi
151 3478 292 3542 continuo
309 3479 511 3558 resignarent,
529 3479 573 3540 eis
590 3477 648 3540 nisi
664 3484 715 3541 tue
731 3477 857 3540 iussioni
873 3478 1033 3560 parerent,
1063 3477 1167 3556 grauia
1189 3492 1275 3534 com·

80 3584 231 3647 minando.
262 3586 404 3650 Profecto
430 3606 487 3648 nou
512 3584 644 3647 deberes
671 3585 717 3646 sic
744 3586 888 3668 prosequi
917 3585 993 3648 dona
1025 3587 1092 3653 tua;
1122 3581 1275 3664 quinimo

76 3695 189 3754 terram
206 3693 311 3775 ipsam,
329 3693 415 3775 quasi
432 3693 563 3776 plantam
579 3698 669 3764 tuam,
686 3690 845 3755 benefieiis
862 3693 964 3772 rigare
981 3689 1142 3759 continuis,
1167 3691 1198 3750 et
1213 3704 1273 3749 uon

76 3801 250 3864 huiusmodi
273 3800 523 3885 oppressionibus
547 3806 578 3863 et
600 3801 716 3865 iniuriis
739 3805 791 3862 tue
817 3797 1007 3861 liberalitatis
1029 3795 1168 3858 meritum
1196 3792 1274 3875 apud

76 3909 175 3973 Deum
197 3914 228 3974 et
249 3911 386 3974 homiues
411 3910 586 3991 denignare.
620 3909 802 3993 Quamquam
825 3907 884 3970 bec
907 3922 1092 3989 nequaquam
1115 3901 1275 3966 clementie

74 4022 130 4081 tue
156 4019 326 4103 imputanda
354 4017 530 4087 credamus,
562 4016 617 4080 sed
641 4019 741 4099 potius
763 4015 866 4097 pravis
890 4009 1139 4095 suggestionibus
1166 4006 1275 4089 malig-

6 4140 7 4144 ’
76 4145 186 4190 norum
209 4127 260 4209 qui
277 4126 416 4190 videntes
442 4126 589 4210 prefatam
616 4129 728 4187 terram
756 4143 813 4206 per
836 4123 1013 4185 immensum
1037 4118 1187 4181 dictorum
1210 4117 1274 4177 lra-

75 4239 157 4297 trum
174 4234 305 4297 studium
328 4234 517 4318 profecisse,
540 4252 575 4295 ac
599 4232 663 4294 eius
686 4230 828 4313 cupidine
848 4227 1010 4292 venenosis
1034 4223 1222 4288 suasionibus
1241 4227 1272 4285 te

76 4342 265 4414 accendunt;
283 4362 342 4405 non
356 4341 546 4405 attendentes
562 4339 641 4424 quod
658 4339 730 4401 nibil
747 4337 1050 4404 veraciterretinent,
1064 4329 1209 4414 nisiquod
1224 4329 1273 4412 pia

75 4451 262 4515 liberalitate
275 4451 410 4516 donatur.
427 4449 750 4533 lllagnaquidemsunt,
767 4436 1273 4530 quededistifratribusantedictis,

76 4558 133 4622 sed
150 4564 244 4631 certe,
258 4561 285 4622 si
298 4560 407 4623 devota
422 4557 617 4621 meditatione
630 4553 817 4637 pensaveris,
825 4573 913 4636 quam
927 4549 1019 4614 multa
1031 4552 1063 4610 et
1078 4565 1184 4627 magua
1201 4563 1274 4607 eou-

107 4667 205 4712 vonau.
222 4668 290 4714 nata.
307 4668 334 4711 n.
352 4667 394 4712 aa.
411 4667 460 4712 xv.
1040 4651 1057 4703 3
