3150 5092
611 564 703 634 CXC.

445 702 524 764 1293,
543 701 568 756 6.
588 700 711 757 October.
732 699 871 773 Ghyves.

158 960 207 973 -
220 959 264 972 —
276 922 638 1007 Vajvoda‘l'ransylnanie,
656 927 686 986 et
701 942 804 985 comes
820 921 858 984 de
871 918 994 989 Zolnob,
1010 918 1153 983 memorie
1169 937 1253 983 com·-

22 1028 23 1031 ’
68 1033 244 1097 mendamus
266 1033 471 1115 significantes
488 1032 634 1096 universis
650 1033 834 1115 presentium
856 1049 911 1113 per
932 1036 1076 1092 tenorem.
1107 1026 1192 1110 Quod
1215 1025 1251 1089 ad

66 1139 249 1213 instantiam,
263 1147 294 1204 et
308 1142 482 1224 petitionem
493 1140 642 1226 hospitum
658 1138 688 1201 in
699 1140 824 1204 Desvar
834 1136 1023 1202 existentium
1035 1137 1111 1200 banc
1127 1134 1251 1219 gratiam

17 1233 24 1317 f
67 1248 204 1313 duximus
222 1248 441 1313 concedendam
453 1248 609 1321 benevole,
622 1252 652 1312 et
667 1249 778 1320 lavore,
795 1252 827 1310 et
841 1246 909 1330 quia
921 1244 1021 1309 habito
1038 1242 1161 1308 consilio
1174 1262 1251 1325 cog·

17 1344 18 1349 ¹
67 1359 223 1429 novimus,
256 1363 286 1421 et
312 1357 438 1422 vidimus
457 1394 735 1405 -----
762 1361 794 1419 et
816 1356 984 1440 profectum
1009 1373 1126 1419 camere
1142 1351 1253 1417 domini

66 1465 148 1548 regis
162 1471 254 1551 prout
266 1465 391 1531 vidimus
404 1487 439 1530 ex
447 1465 542 1530 literis
550 1466 682 1530 badislai
694 1464 743 1530 dei
754 1465 850 1549 gratia
858 1464 983 1528 illustris
995 1464 1078 1547 regis
1091 1462 1254 1545 lluugarie,

68 1594 123 1639 nec
141 1576 266 1639 Andree
282 1575 331 1639 dei
346 1576 443 1658 gratia
459 1573 594 1638 similiter
610 1576 692 1657 regis
708 1574 871 1655 ilungarie,
893 1576 924 1638 et
939 1576 1044 1657 quarta
1059 1572 1135 1636 feria
1158 1572 1254 1636 lorum

16 1676 18 1679 ’
66 1681 200 1746 liberum
215 1682 251 1747 ab
268 1682 403 1748 omnibus
420 1683 553 1755 decreto,
568 1686 599 1745 et
610 1682 725 1764 judicio
743 1687 909 1747 nostrorum
926 1680 1095 1746 officialium
1108 1685 1253 1744 exemtum

66 1793 131 1856 sine
146 1791 261 1856 tributo
277 1795 374 1878 possit
390 1792 592 1857 celebrari-
611 1828 649 1839 -
671 1828 715 1839 -
730 1828 773 1839 —
789 1791 935 1865 volumus,
957 1795 988 1854 ct
1010 1790 1120 1855 nostris
1135 1789 1253 1854 officia·

18 1888 20 1977 J
65 1900 141 1966 libus
157 1906 221 1965 tam
235 1900 391 1966 comitibus
406 1922 460 1987 pro
471 1910 605 1987 tempore
617 1900 796 1973 constitutis,
805 1920 890 1984 quam
907 1905 1090 1964 mercatores
1104 1903 1134 1963 et
1150 1918 1252 1962 omnes

64 2013 225 2075 venientes
242 2010 338 2075 libere
354 2012 472 2076 veniant
483 2012 521 2075 ad
532 2012 629 2095 ipsum
641 2012 736 2074 lorum
749 2011 936 2082 conveniant,
953 2017 984 2073 et
999 2029 1107 2074 secure
1116 2009 1251 2082 redeant,

67 2138 122 2183 nec
140 2156 187 2166 -
205 2156 249 2166 -
267 2156 307 2167 -
324 2156 368 2167 -
384 2120 490 2205 aliquis
519 2120 638 2184 eosdem
663 2138 729 2183 cum
757 2119 820 2183 suis
837 2119 929 2184 rebus
956 2117 1179 2192 convenientes,
1201 2118 1251 2182 vel

14 2223 20 2241 ”
66 2228 252 2293 recedentes
281 2230 318 2293 de
342 2230 463 2302 eodem,
488 2234 669 2315 presummat
688 2228 866 2301 molestare,
890 2248 945 2292 seu
961 2228 1058 2313 aliquo
1075 2228 1160 2292 modo
1182 2247 1253 2312 per·

64 2337 202 2402 turbare.
218 2336 325 2399 Datum
341 2339 371 2399 in
387 2336 456 2401 villa
469 2336 584 2422 beves
601 2339 631 2402 in
647 2338 760 2403 octavis
778 2336 880 2402 Sancti
896 2336 1051 2402 Michaelis
1063 2336 1249 2418 archangeli.

66 2448 151 2510 Anno
170 2446 284 2510 domini
299 2446 454 2510 millesimo
472 2448 675 2511 ducentesimo
692 2448 887 2530 nonagesimo
903 2448 1002 2510 tertio.

605 2614 711 2686 exul.

624 2735 702 2792 1293.

158 2828 295 2892 Andreas
310 2828 366 2892 Dei
382 2829 484 2911 gracia
501 2828 662 2911 Hungarie,
675 2828 839 2901 dalmacio,
855 2828 990 2900 Croacie,
1007 2827 1108 2900 Rame,
1132 2826 1252 2897 Seruio,

14 2974 15 2982 2
64 2936 207 3010 Gallicie,
223 2934 413 3011 bodomarie,
425 2936 577 3011 Cumania,
590 2938 791 3021 Bulgarieque
807 2958 868 3003 rex.
885 2936 1029 3002 Omnibus
1042 2934 1156 3001 Christi
1173 2934 1250 2999 fide-

14 3087 15 3094 ,
63 3045 147 3111 libus
159 3050 318 3130 presentes
331 3045 433 3110 literas
448 3046 640 3130 inspecturis,
654 3047 779 3112 salutern
795 3046 825 3109 in
841 3044 944 3110 salutis
959 3046 1113 3130 largitore.
1126 3044 1208 3109 lleus
1220 3045 1251 3107 in

13 3201 20 3225 ,
65 3153 129 3219 alta
148 3152 337 3240 providentie
353 3175 407 3219 sue
426 3155 549 3239 specula
573 3156 723 3239 sapienter
745 3155 879 3237 dirigens
896 3160 927 3218 et
942 3156 1072 3219 suaviter
1088 3154 1251 3237 disponens

13 3264 15 3341 ζ
65 3263 209 3325 rniuersa
224 3261 296 3325 licet
312 3262 397 3327 nobis
415 3263 501 3347 regni
519 3263 701 3328 commiserit
716 3262 932 3346 gubernacula,
950 3268 1048 3327 tamen
1067 3264 1097 3326 in
1115 3260 1250 3346 apicibus

14 3368 15 3436 ζ
65 3370 181 3453 regalis
198 3369 331 3434 culminis
355 3369 463 3435 eleuati
489 3371 570 3453 juste
591 3373 763 3437 humilitatis
785 3374 889 3457 precio
910 3372 1138 3437 inestimabilem
1155 3371 1251 3434 vicem

64 3476 169 3542 diuine
195 3477 299 3558 gracie
326 3476 469 3543 debemus
497 3480 677 3562 promereri,
699 3480 730 3545 id
746 3486 845 3545 autem
862 3481 1027 3546 efficaciter
1044 3480 1250 3565 adimplemus,

66 3588 94 3651 si
110 3586 142 3649 in
154 3592 288 3649 sanctam
304 3590 428 3651 matrem
444 3588 602 3653 ecclesiam
623 3589 830 3656 munificencie
852 3611 951 3655 ramos
973 3590 1125 3674 longiores
1147 3594 1252 3653 exten·

68 3694 186 3767 dimus,
212 3700 243 3758 et
275 3716 311 3759 ea
328 3716 386 3780 que
409 3696 466 3781 ipsi
488 3697 536 3781 pia
558 3696 782 3764 deliberacione
806 3718 952 3765 concessa
974 3706 1058 3772 snnt,
1078 3696 1253 3763 inconuulsa

70 3824 238 3871 seruamus.
261 3805 303 3869 lla
320 3812 443 3891 propter
460 3807 498 3870 ad
513 3808 718 3873 uniuersorum
735 3812 876 3874 noticiam
895 3811 999 3874 barum
1014 3811 1096 3874 serie
1116 3809 1253 3873 uolumus

68 3913 242 3999 pervenire.
261 3914 347 3996 Quod
363 3936 429 3979 cum
446 3936 499 3979 nos
516 3917 671 3981 constricti
690 3920 824 4002 suscepti
841 3919 995 4000 regiminis
1011 3918 1132 3989 aculeis,
1150 3917 1251 3982 habito

72 4024 200 4089 consilio
218 4026 346 4089 omnium
371 4024 514 4089 baronum
545 4035 712 4092 nostrorum
735 4029 889 4092 nobiscum
912 4028 1112 4093 assidencium
1134 4028 1253 4091 uniuer-

72 4151 125 4196 sos
143 4132 259 4198 Olocos
274 4134 304 4197 in
319 4133 560 4217 possessionibus
572 4134 725 4207 nobilium,
742 4136 789 4200 rel
811 4135 1010 4220 quorumlibet
1026 4136 1150 4199 aliorum
1170 4136 1250 4199 resi-

69 4242 194 4313 dentes,
222 4261 257 4306 ac
279 4241 417 4326 predium
440 4247 571 4306 nostrum
592 4243 695 4327 rogale
710 4244 826 4310 Scclccs
846 4251 996 4320 vocatum,
1025 4245 1248 4309 ordinassemus

68 4350 220 4426 reuocari,
241 4349 346 4415 reduci
367 4354 398 4413 et
420 4351 515 4415 eciam
542 4352 690 4437 compelli,
716 4353 817 4417 redire
833 4354 953 4425 inuitos,
966 4353 993 4417 si
1009 4355 1086 4418 forte
1103 4357 1204 4417 nostre
1220 4353 1251 4416 in

71 4460 127 4525 bac
143 4465 231 4545 parte
247 4479 305 4523 non
329 4459 558 4543 acquiescerent
577 4481 684 4546 parere
701 4460 841 4543 jussionj,
864 4462 933 4547 quia
957 4468 1055 4526 tamen
1071 4461 1157 4525 nobis
1174 4482 1249 4527 cou-

70 4571 144 4634 stitit
169 4569 326 4633 evidenter
354 4566 502 4633 dominum
529 4570 701 4637 badizlaum
721 4571 869 4658 quondam
895 4571 1118 4638 serenissimum
1146 4591 1250 4657 regem
