<?xml version="1.0" encoding="UTF-8"?>
<!DOCTYPE html PUBLIC "-//W3C//DTD XHTML 1.0 Transitional//EN"
    "http://www.w3.org/TR/xhtml1/DTD/xhtml1-transitional.dtd">
<html xmlns="http://www.w3.org/1999/xhtml" xml:lang="en" lang="en">
 <head>
  <title>
</title>
<meta http-equiv="Content-Type" content="text/html;charset=utf-8" />
  <meta name='ocr-system' content='tesseract 3.04.00' />
  <meta name='ocr-capabilities' content='ocr_page ocr_carea ocr_par ocr_line ocrx_word'/>
</head>
<body>
  <div class='ocr_page' id='page_1' title='image "./fontesrerumaust26kommgoog_0143.png"; bbox 0 0 3150 5092; ppageno 0'>
   <div class='ocr_carea' id='block_1_1' title="bbox 1235 341 1286 411">
    <p class='ocr_par' dir='ltr' id='par_1_1' title="bbox 1235 341 1286 411">
     <span class='ocr_line' id='line_1_1' title="bbox 1235 341 1286 411; baseline -0.02 0"><span class='ocrx_word' id='word_1_1' title='bbox 1235 341 1286 411; x_wconf 74' lang='lat' dir='ltr'>tu</span> 
     </span>
    </p>
   </div>
   <div class='ocr_carea' id='block_1_2' title="bbox 65 506 1288 704">
    <p class='ocr_par' dir='ltr' id='par_1_2' title="bbox 65 506 1288 704">
     <span class='ocr_line' id='line_1_2' title="bbox 65 506 1286 597; baseline 0.008 -30"><span class='ocrx_word' id='word_1_2' title='bbox 65 506 298 570; x_wconf 78' lang='lat' dir='ltr'>minei-sorum</span> <span class='ocrx_word' id='word_1_3' title='bbox 310 509 444 573; x_wconf 78' lang='lat' dir='ltr'><strong>notitiam</strong></span> <span class='ocrx_word' id='word_1_4' title='bbox 459 510 593 572; x_wconf 86' lang='lat' dir='ltr'>volumus</span> <span class='ocrx_word' id='word_1_5' title='bbox 607 511 770 591; x_wconf 90' lang='lat' dir='ltr'>peruenire</span> <span class='ocrx_word' id='word_1_6' title='bbox 781 513 969 595; x_wconf 90' lang='lat' dir='ltr'>presentium</span> <span class='ocrx_word' id='word_1_7' title='bbox 985 533 1041 597; x_wconf 91' lang='lat' dir='ltr'>per</span> <span class='ocrx_word' id='word_1_8' title='bbox 1053 511 1286 597; x_wconf 89' lang='lat' dir='ltr'>tenorem‚quod</span> 
     </span>
     <span class='ocr_line' id='line_1_3' title="bbox 67 614 1288 704; baseline 0.005 -30"><span class='ocrx_word' id='word_1_9' title='bbox 67 633 150 675; x_wconf 89' lang='lat' dir='ltr'>anno</span> <span class='ocrx_word' id='word_1_10' title='bbox 169 614 334 679; x_wconf 90' lang='lat' dir='ltr'>dominice</span> <span class='ocrx_word' id='word_1_11' title='bbox 350 618 564 680; x_wconf 63' lang='lat' dir='ltr'>incarnationis</span> <span class='ocrx_word' id='word_1_12' title='bbox 577 615 761 681; x_wconf 73' lang='lat' dir='ltr'>dccxxxi.</span> <span class='ocrx_word' id='word_1_13' title='bbox 778 620 869 684; x_wconf 83' lang='lat' dir='ltr'>Jowb</span> <span class='ocrx_word' id='word_1_14' title='bbox 881 621 970 704; x_wconf 79' lang='lat' dir='ltr'>filius</span> <span class='ocrx_word' id='word_1_15' title='bbox 985 621 1085 698; x_wconf 84' lang='lat' dir='ltr'>Rccb,</span> <span class='ocrx_word' id='word_1_16' title='bbox 1102 621 1140 684; x_wconf 92' lang='lat' dir='ltr'>ad</span> <span class='ocrx_word' id='word_1_17' title='bbox 1156 626 1288 685; x_wconf 88' lang='lat' dir='ltr'>nostram</span> 
     </span>
    </p>
   </div>
   <div class='ocr_carea' id='block_1_3' title="bbox 64 721 1290 2097">
    <p class='ocr_par' dir='ltr' id='par_1_3' title="bbox 64 721 1290 2097">
     <span class='ocr_line' id='line_1_4' title="bbox 65 721 1289 810; baseline 0.006 -27"><span class='ocrx_word' id='word_1_18' title='bbox 65 721 237 784; x_wconf 79' lang='lat' dir='ltr'>accedens</span> <span class='ocrx_word' id='word_1_19' title='bbox 262 726 463 806; x_wconf 78' lang='lat' dir='ltr'>presentiam,</span> <span class='ocrx_word' id='word_1_20' title='bbox 486 724 642 808; x_wconf 89' lang='lat' dir='ltr'>quamdam</span> <span class='ocrx_word' id='word_1_21' title='bbox 665 730 775 789; x_wconf 86' lang='lat' dir='ltr'>terram</span> <span class='ocrx_word' id='word_1_22' title='bbox 798 746 901 799; x_wconf 87' lang='lat' dir='ltr'>suam,</span> <span class='ocrx_word' id='word_1_23' title='bbox 922 726 1007 807; x_wconf 83' lang='lat' dir='ltr'>juxta</span> <span class='ocrx_word' id='word_1_24' title='bbox 1025 728 1129 792; x_wconf 84' lang='lat' dir='ltr'>Morus</span> <span class='ocrx_word' id='word_1_25' title='bbox 1146 729 1289 810; x_wconf 88' lang='lat' dir='ltr'>adjacen-</span> 
     </span>
     <span class='ocr_line' id='line_1_5' title="bbox 64 830 1288 920; baseline 0.007 -31"><span class='ocrx_word' id='word_1_26' title='bbox 64 831 141 900; x_wconf 88' lang='lat' dir='ltr'>tem,</span> <span class='ocrx_word' id='word_1_27' title='bbox 162 830 368 895; x_wconf 88' lang='lat' dir='ltr'>medietatem</span> <span class='ocrx_word' id='word_1_28' title='bbox 382 831 525 896; x_wconf 86' lang='lat' dir='ltr'>videlicet</span> <span class='ocrx_word' id='word_1_29' title='bbox 540 839 624 896; x_wconf 89' lang='lat' dir='ltr'>terre</span> <span class='ocrx_word' id='word_1_30' title='bbox 640 835 813 920; x_wconf 69' lang='lat' dir='ltr'>Gomoosp</span> <span class='ocrx_word' id='word_1_31' title='bbox 830 839 953 908; x_wconf 85' lang='lat' dir='ltr'>vocate,</span> <span class='ocrx_word' id='word_1_32' title='bbox 971 855 1060 919; x_wconf 91' lang='lat' dir='ltr'>quam</span> <span class='ocrx_word' id='word_1_33' title='bbox 1077 857 1094 900; x_wconf 94' lang='lat' dir='ltr'>a</span> <span class='ocrx_word' id='word_1_34' title='bbox 1110 857 1185 918; x_wconf 81' lang='lat' dir='ltr'>rege</span> <span class='ocrx_word' id='word_1_35' title='bbox 1202 855 1288 900; x_wconf 89' lang='lat' dir='ltr'>com-</span> 
     </span>
     <span class='ocr_line' id='line_1_6' title="bbox 67 939 1287 1025; baseline 0.007 -28"><span class='ocrx_word' id='word_1_36' title='bbox 67 941 260 1016; x_wconf 89' lang='lat' dir='ltr'>parauerat‚</span> <span class='ocrx_word' id='word_1_37' title='bbox 279 943 309 1000; x_wconf 90' lang='lat' dir='ltr'>et</span> <span class='ocrx_word' id='word_1_38' title='bbox 325 939 375 1022; x_wconf 89' lang='lat' dir='ltr'>qui</span> <span class='ocrx_word' id='word_1_39' title='bbox 388 940 477 1001; x_wconf 89' lang='lat' dir='ltr'>etiam</span> <span class='ocrx_word' id='word_1_40' title='bbox 495 940 619 1002; x_wconf 89' lang='lat' dir='ltr'>alteram</span> <span class='ocrx_word' id='word_1_41' title='bbox 635 941 828 1004; x_wconf 89' lang='lat' dir='ltr'>medietatem</span> <span class='ocrx_word' id='word_1_42' title='bbox 845 941 924 1004; x_wconf 89' lang='lat' dir='ltr'>idem</span> <span class='ocrx_word' id='word_1_43' title='bbox 938 961 1014 1025; x_wconf 83' lang='lat' dir='ltr'>rege</span> <span class='ocrx_word' id='word_1_44' title='bbox 1029 943 1160 1025; x_wconf 84' lang='lat' dir='ltr'>capitulo</span> <span class='ocrx_word' id='word_1_45' title='bbox 1185 942 1287 1006; x_wconf 88' lang='lat' dir='ltr'>eccle-</span> 
     </span>
     <span class='ocr_line' id='line_1_7' title="bbox 68 1042 1289 1127; baseline 0.006 -23"><span class='ocrx_word' id='word_1_46' title='bbox 68 1043 117 1104; x_wconf 90' lang='lat' dir='ltr'>sie</span> <span class='ocrx_word' id='word_1_47' title='bbox 142 1042 237 1106; x_wconf 89' lang='lat' dir='ltr'>beati</span> <span class='ocrx_word' id='word_1_48' title='bbox 254 1045 413 1108; x_wconf 71' lang='lat' dir='ltr'>Michaelis</span> <span class='ocrx_word' id='word_1_49' title='bbox 437 1047 536 1111; x_wconf 89' lang='lat' dir='ltr'>adhuc</span> <span class='ocrx_word' id='word_1_50' title='bbox 555 1046 678 1127; x_wconf 92' lang='lat' dir='ltr'>juueuis</span> <span class='ocrx_word' id='word_1_51' title='bbox 701 1047 882 1119; x_wconf 83' lang='lat' dir='ltr'>donauerat,</span> <span class='ocrx_word' id='word_1_52' title='bbox 907 1069 973 1112; x_wconf 89' lang='lat' dir='ltr'>cum</span> <span class='ocrx_word' id='word_1_53' title='bbox 996 1048 1136 1113; x_wconf 91' lang='lat' dir='ltr'>omnibus</span> <span class='ocrx_word' id='word_1_54' title='bbox 1153 1049 1289 1112; x_wconf 85' lang='lat' dir='ltr'>vtilitati·</span> 
     </span>
     <span class='ocr_line' id='line_1_8' title="bbox 69 1149 1289 1235; baseline 0.007 -23"><span class='ocrx_word' id='word_1_55' title='bbox 69 1149 131 1214; x_wconf 89' lang='lat' dir='ltr'>bus</span> <span class='ocrx_word' id='word_1_56' title='bbox 151 1157 188 1214; x_wconf 89' lang='lat' dir='ltr'>et</span> <span class='ocrx_word' id='word_1_57' title='bbox 206 1153 420 1235; x_wconf 86' lang='lat' dir='ltr'>pertinentiis,</span> <span class='ocrx_word' id='word_1_58' title='bbox 438 1154 514 1219; x_wconf 84' lang='lat' dir='ltr'>dixit</span> <span class='ocrx_word' id='word_1_59' title='bbox 530 1175 565 1218; x_wconf 88' lang='lat' dir='ltr'>se</span> <span class='ocrx_word' id='word_1_60' title='bbox 581 1156 754 1221; x_wconf 88' lang='lat' dir='ltr'>vendidisse</span> <span class='ocrx_word' id='word_1_61' title='bbox 771 1177 807 1219; x_wconf 87' lang='lat' dir='ltr'>ex</span> <span class='ocrx_word' id='word_1_62' title='bbox 824 1175 975 1220; x_wconf 85' lang='lat' dir='ltr'>consensu</span> <span class='ocrx_word' id='word_1_63' title='bbox 997 1162 1027 1221; x_wconf 83' lang='lat' dir='ltr'>et</span> <span class='ocrx_word' id='word_1_64' title='bbox 1042 1157 1120 1221; x_wconf 90' lang='lat' dir='ltr'>bona</span> <span class='ocrx_word' id='word_1_65' title='bbox 1136 1157 1289 1222; x_wconf 85' lang='lat' dir='ltr'>voluntate</span> 
     </span>
     <span class='ocr_line' id='line_1_9' title="bbox 70 1262 1287 1338; baseline 0.003 -18"><span class='ocrx_word' id='word_1_66' title='bbox 70 1265 289 1338; x_wconf 86' lang='lat' dir='ltr'>cognatorum</span> <span class='ocrx_word' id='word_1_67' title='bbox 318 1282 449 1338; x_wconf 91' lang='lat' dir='ltr'>suorum,</span> <span class='ocrx_word' id='word_1_68' title='bbox 467 1262 586 1327; x_wconf 90' lang='lat' dir='ltr'>scilicet</span> <span class='ocrx_word' id='word_1_69' title='bbox 602 1263 731 1325; x_wconf 86' lang='lat' dir='ltr'>Samson</span> <span class='ocrx_word' id='word_1_70' title='bbox 747 1299 791 1308; x_wconf 94' lang='lat'><strong>—</strong></span> <span class='ocrx_word' id='word_1_71' title='bbox 820 1262 915 1334; x_wconf 87' lang='lat' dir='ltr'>Obus,</span> <span class='ocrx_word' id='word_1_72' title='bbox 934 1300 975 1309; x_wconf 92' lang='lat'>-</span> <span class='ocrx_word' id='word_1_73' title='bbox 994 1284 1050 1326; x_wconf 91' lang='lat' dir='ltr'>nec</span> <span class='ocrx_word' id='word_1_74' title='bbox 1079 1285 1136 1326; x_wconf 93' lang='lat' dir='ltr'>non</span> <span class='ocrx_word' id='word_1_75' title='bbox 1157 1269 1187 1326; x_wconf 91' lang='lat' dir='ltr'>et</span> <span class='ocrx_word' id='word_1_76' title='bbox 1204 1283 1287 1327; x_wconf 86' lang='lat' dir='ltr'>eom-</span> 
     </span>
     <span class='ocr_line' id='line_1_10' title="bbox 72 1370 1289 1454; baseline 0.003 -26"><span class='ocrx_word' id='word_1_77' title='bbox 72 1373 296 1430; x_wconf 87' lang='lat' dir='ltr'>metaueorum</span> <span class='ocrx_word' id='word_1_78' title='bbox 325 1391 456 1442; x_wconf 89' lang='lat' dir='ltr'>suorum,</span> <span class='ocrx_word' id='word_1_79' title='bbox 481 1371 581 1434; x_wconf 87' lang='lat' dir='ltr'>Pouse</span> <span class='ocrx_word' id='word_1_80' title='bbox 600 1370 779 1454; x_wconf 82' lang='lat' dir='ltr'>Woywode,</span> <span class='ocrx_word' id='word_1_81' title='bbox 797 1376 834 1440; x_wconf 41' lang='lat' dir='ltr'>et,</span> <span class='ocrx_word' id='word_1_82' title='bbox 851 1371 959 1441; x_wconf 83' lang='lat' dir='ltr'>Tobie,</span> <span class='ocrx_word' id='word_1_83' title='bbox 990 1373 1091 1434; x_wconf 89' lang='lat' dir='ltr'>comiti</span> <span class='ocrx_word' id='word_1_84' title='bbox 1108 1371 1202 1446; x_wconf 91' lang='lat' dir='ltr'>0bus,</span> <span class='ocrx_word' id='word_1_85' title='bbox 1226 1370 1289 1434; x_wconf 89' lang='lat' dir='ltr'>filio</span> 
     </span>
     <span class='ocr_line' id='line_1_11' title="bbox 74 1475 1290 1562; baseline 0.002 -25"><span class='ocrx_word' id='word_1_86' title='bbox 74 1475 268 1544; x_wconf 70' lang='lat' dir='ltr'>Michaelis,</span> <span class='ocrx_word' id='word_1_87' title='bbox 298 1485 444 1560; x_wconf 90' lang='lat' dir='ltr'>perpetuo</span> <span class='ocrx_word' id='word_1_88' title='bbox 470 1479 541 1559; x_wconf 88' lang='lat' dir='ltr'>jure</span> <span class='ocrx_word' id='word_1_89' title='bbox 569 1479 797 1561; x_wconf 87' lang='lat' dir='ltr'>possidendam,</span> <span class='ocrx_word' id='word_1_90' title='bbox 821 1499 876 1562; x_wconf 92' lang='lat' dir='ltr'>pro</span> <span class='ocrx_word' id='word_1_91' title='bbox 898 1479 1005 1560; x_wconf 81' lang='lat' dir='ltr'>viginti</span> <span class='ocrx_word' id='word_1_92' title='bbox 1032 1479 1141 1542; x_wconf 91' lang='lat' dir='ltr'>marcis</span> <span class='ocrx_word' id='word_1_93' title='bbox 1170 1478 1290 1560; x_wconf 83' lang='lat' dir='ltr'>argenti</span> 
     </span>
     <span class='ocr_line' id='line_1_12' title="bbox 73 1582 1288 1667; baseline 0.004 -24"><span class='ocrx_word' id='word_1_94' title='bbox 73 1582 227 1664; x_wconf 79' lang='lat' dir='ltr'>plenarie</span> <span class='ocrx_word' id='word_1_95' title='bbox 244 1585 407 1667; x_wconf 89' lang='lat' dir='ltr'>persolutis</span> <span class='ocrx_word' id='word_1_96' title='bbox 414 1608 423 1658; x_wconf 93' lang='lat'>;</span> <span class='ocrx_word' id='word_1_97' title='bbox 440 1585 600 1666; x_wconf 84' lang='lat' dir='ltr'>obligando</span> <span class='ocrx_word' id='word_1_98' title='bbox 620 1587 712 1649; x_wconf 87' lang='lat' dir='ltr'>etiam</span> <span class='ocrx_word' id='word_1_99' title='bbox 729 1606 832 1649; x_wconf 88' lang='lat' dir='ltr'>coram</span> <span class='ocrx_word' id='word_1_100' title='bbox 849 1585 937 1648; x_wconf 87' lang='lat' dir='ltr'>uobis</span> <span class='ocrx_word' id='word_1_101' title='bbox 956 1606 990 1648; x_wconf 92' lang='lat' dir='ltr'>se</span> <span class='ocrx_word' id='word_1_102' title='bbox 1010 1591 1041 1649; x_wconf 91' lang='lat' dir='ltr'>et</span> <span class='ocrx_word' id='word_1_103' title='bbox 1058 1606 1128 1648; x_wconf 89' lang='lat' dir='ltr'>suos</span> <span class='ocrx_word' id='word_1_104' title='bbox 1147 1585 1288 1657; x_wconf 88' lang='lat' dir='ltr'>heredes,</span> 
     </span>
     <span class='ocr_line' id='line_1_13' title="bbox 74 1692 1286 1777; baseline 0.003 -25"><span class='ocrx_word' id='word_1_105' title='bbox 74 1695 108 1752; x_wconf 82' lang='lat' dir='ltr'>vt</span> <span class='ocrx_word' id='word_1_106' title='bbox 138 1692 169 1754; x_wconf 93' lang='lat' dir='ltr'>si</span> <span class='ocrx_word' id='word_1_107' title='bbox 195 1694 355 1776; x_wconf 89' lang='lat' dir='ltr'>quisquam</span> <span class='ocrx_word' id='word_1_108' title='bbox 384 1713 531 1777; x_wconf 90' lang='lat' dir='ltr'>processu</span> <span class='ocrx_word' id='word_1_109' title='bbox 555 1695 702 1776; x_wconf 89' lang='lat' dir='ltr'>temporis</span> <span class='ocrx_word' id='word_1_110' title='bbox 725 1695 823 1776; x_wconf 87' lang='lat' dir='ltr'>ipsum</span> <span class='ocrx_word' id='word_1_111' title='bbox 848 1693 931 1757; x_wconf 87' lang='lat' dir='ltr'>Obus</span> <span class='ocrx_word' id='word_1_112' title='bbox 948 1714 1004 1777; x_wconf 89' lang='lat' dir='ltr'>pro</span> <span class='ocrx_word' id='word_1_113' title='bbox 1020 1699 1101 1756; x_wconf 89' lang='lat' dir='ltr'>terra</span> <span class='ocrx_word' id='word_1_114' title='bbox 1119 1698 1188 1756; x_wconf 77' lang='lat' dir='ltr'>rante</span> <span class='ocrx_word' id='word_1_115' title='bbox 1206 1693 1286 1756; x_wconf 89' lang='lat' dir='ltr'>dicta</span> 
     </span>
     <span class='ocr_line' id='line_1_14' title="bbox 74 1798 1289 1882; baseline 0.002 -24"><span class='ocrx_word' id='word_1_116' title='bbox 74 1798 252 1862; x_wconf 90' lang='lat' dir='ltr'>molestare</span> <span class='ocrx_word' id='word_1_117' title='bbox 270 1804 471 1882; x_wconf 77' lang='lat' dir='ltr'>attemptaret,</span> <span class='ocrx_word' id='word_1_118' title='bbox 488 1801 552 1863; x_wconf 89' lang='lat' dir='ltr'>suis</span> <span class='ocrx_word' id='word_1_119' title='bbox 569 1800 716 1864; x_wconf 87' lang='lat' dir='ltr'>sumtibus</span> <span class='ocrx_word' id='word_1_120' title='bbox 733 1806 764 1863; x_wconf 89' lang='lat' dir='ltr'>et</span> <span class='ocrx_word' id='word_1_121' title='bbox 781 1801 922 1882; x_wconf 80' lang='lat' dir='ltr'>expensis</span> <span class='ocrx_word' id='word_1_122' title='bbox 944 1800 1106 1864; x_wconf 86' lang='lat' dir='ltr'>defensare</span> <span class='ocrx_word' id='word_1_123' title='bbox 1123 1805 1289 1863; x_wconf 89' lang='lat' dir='ltr'>teneretur.</span> 
     </span>
     <span class='ocr_line' id='line_1_15' title="bbox 75 1905 1289 1991; baseline 0.001 -24"><span class='ocrx_word' id='word_1_124' title='bbox 75 1905 119 1968; x_wconf 88' lang='lat' dir='ltr'>vt</span> <span class='ocrx_word' id='word_1_125' title='bbox 137 1905 236 1987; x_wconf 90' lang='lat' dir='ltr'>hujus</span> <span class='ocrx_word' id='word_1_126' title='bbox 253 1907 391 1969; x_wconf 85' lang='lat' dir='ltr'>emtionis</span> <span class='ocrx_word' id='word_1_127' title='bbox 409 1909 506 1970; x_wconf 89' lang='lat' dir='ltr'>serios</span> <span class='ocrx_word' id='word_1_128' title='bbox 523 1909 600 1971; x_wconf 89' lang='lat' dir='ltr'>etin</span> <span class='ocrx_word' id='word_1_129' title='bbox 617 1912 771 1991; x_wconf 89' lang='lat' dir='ltr'>posterum</span> <span class='ocrx_word' id='word_1_130' title='bbox 785 1911 905 1972; x_wconf 85' lang='lat' dir='ltr'>maneat</span> <span class='ocrx_word' id='word_1_131' title='bbox 920 1910 1112 1980; x_wconf 89' lang='lat' dir='ltr'>inconcussa,</span> <span class='ocrx_word' id='word_1_132' title='bbox 1129 1911 1289 1991; x_wconf 87' lang='lat' dir='ltr'>presentes</span> 
     </span>
     <span class='ocr_line' id='line_1_16' title="bbox 74 2014 806 2097; baseline 0.003 -21"><span class='ocrx_word' id='word_1_133' title='bbox 74 2014 218 2076; x_wconf 87' lang='lat' dir='ltr'>fecimus</span> <span class='ocrx_word' id='word_1_134' title='bbox 234 2015 328 2097; x_wconf 81' lang='lat' dir='ltr'>sigilli</span> <span class='ocrx_word' id='word_1_135' title='bbox 345 2017 439 2079; x_wconf 90' lang='lat' dir='ltr'>nostri</span> <span class='ocrx_word' id='word_1_136' title='bbox 455 2017 616 2079; x_wconf 90' lang='lat' dir='ltr'>munimine</span> <span class='ocrx_word' id='word_1_137' title='bbox 633 2015 806 2080; x_wconf 85' lang='lat' dir='ltr'>roborari.“</span> 
     </span>
    </p>
   </div>
   <div class='ocr_carea' id='block_1_4' title="bbox 615 2262 753 2476">
    <p class='ocr_par' dir='ltr' id='par_1_4' title="bbox 615 2262 753 2476">
     <span class='ocr_line' id='line_1_17' title="bbox 615 2262 753 2332; baseline 0 -2"><span class='ocrx_word' id='word_1_138' title='bbox 615 2262 753 2332; x_wconf 79' lang='lat' dir='ltr'>xnvru.</span> 
     </span>
     <span class='ocr_line' id='line_1_18' title="bbox 648 2423 728 2476; baseline 0.013 -1"><span class='ocrx_word' id='word_1_139' title='bbox 648 2423 728 2476; x_wconf 84' lang='lat'>1231.</span> 
     </span>
    </p>
   </div>
   <div class='ocr_carea' id='block_1_5' title="bbox 79 2556 1290 4365">
    <p class='ocr_par' dir='ltr' id='par_1_5' title="bbox 79 2556 1290 4365">
     <span class='ocr_line' id='line_1_19' title="bbox 177 2556 1290 2646; baseline -0.004 -22"><span class='ocrx_word' id='word_1_140' title='bbox 177 2561 264 2633; x_wconf 89' lang='lat' dir='ltr'>Bela,</span> <span class='ocrx_word' id='word_1_141' title='bbox 281 2562 340 2624; x_wconf 89' lang='lat' dir='ltr'>Dei</span> <span class='ocrx_word' id='word_1_142' title='bbox 362 2564 460 2642; x_wconf 86' lang='lat' dir='ltr'>gratia</span> <span class='ocrx_word' id='word_1_143' title='bbox 483 2582 537 2624; x_wconf 83' lang='lat' dir='ltr'>rex</span> <span class='ocrx_word' id='word_1_144' title='bbox 554 2561 775 2646; x_wconf 84' lang='lat' dir='ltr'>primogenitus</span> <span class='ocrx_word' id='word_1_145' title='bbox 794 2560 877 2640; x_wconf 85' lang='lat' dir='ltr'>regis</span> <span class='ocrx_word' id='word_1_146' title='bbox 894 2557 1046 2641; x_wconf 84' lang='lat' dir='ltr'>Hungarie</span> <span class='ocrx_word' id='word_1_147' title='bbox 1063 2556 1200 2621; x_wconf 89' lang='lat' dir='ltr'>omnibus</span> <span class='ocrx_word' id='word_1_148' title='bbox 1216 2576 1290 2640; x_wconf 90' lang='lat' dir='ltr'>prc-</span> 
     </span>
     <span class='ocr_line' id='line_1_20' title="bbox 80 2664 1288 2755; baseline -0.002 -25"><span class='ocrx_word' id='word_1_149' title='bbox 80 2674 189 2732; x_wconf 89' lang='lat' dir='ltr'>seutes</span> <span class='ocrx_word' id='word_1_150' title='bbox 209 2668 325 2732; x_wconf 91' lang='lat' dir='ltr'>litteras</span> <span class='ocrx_word' id='word_1_151' title='bbox 343 2670 525 2755; x_wconf 86' lang='lat' dir='ltr'>inspecturis</span> <span class='ocrx_word' id='word_1_152' title='bbox 548 2669 680 2732; x_wconf 89' lang='lat' dir='ltr'>salutem·</span> <span class='ocrx_word' id='word_1_153' title='bbox 691 2669 722 2730; x_wconf 91' lang='lat' dir='ltr'>in</span> <span class='ocrx_word' id='word_1_154' title='bbox 739 2667 869 2731; x_wconf 88' lang='lat' dir='ltr'>domino.</span> <span class='ocrx_word' id='word_1_155' title='bbox 895 2665 1001 2730; x_wconf 84' lang='lat' dir='ltr'>Gloria</span> <span class='ocrx_word' id='word_1_156' title='bbox 1017 2668 1048 2728; x_wconf 92' lang='lat' dir='ltr'>in</span> <span class='ocrx_word' id='word_1_157' title='bbox 1065 2665 1194 2729; x_wconf 84' lang='lat' dir='ltr'>excelsis</span> <span class='ocrx_word' id='word_1_158' title='bbox 1211 2664 1288 2736; x_wconf 82' lang='lat' dir='ltr'>Deo,</span> 
     </span>
     <span class='ocr_line' id='line_1_21' title="bbox 82 2773 1286 2860; baseline -0.003 -21"><span class='ocrx_word' id='word_1_159' title='bbox 82 2781 114 2839; x_wconf 89' lang='lat' dir='ltr'>et</span> <span class='ocrx_word' id='word_1_160' title='bbox 138 2778 171 2839; x_wconf 91' lang='lat' dir='ltr'>in</span> <span class='ocrx_word' id='word_1_161' title='bbox 202 2783 282 2840; x_wconf 89' lang='lat' dir='ltr'>terra</span> <span class='ocrx_word' id='word_1_162' title='bbox 314 2776 392 2840; x_wconf 91' lang='lat' dir='ltr'>bone</span> <span class='ocrx_word' id='word_1_163' title='bbox 420 2777 579 2842; x_wconf 86' lang='lat' dir='ltr'>voluntatis</span> <span class='ocrx_word' id='word_1_164' title='bbox 602 2776 772 2839; x_wconf 91' lang='lat' dir='ltr'>hominibus</span> <span class='ocrx_word' id='word_1_165' title='bbox 796 2795 853 2860; x_wconf 85' lang='lat' dir='ltr'>pax</span> <span class='ocrx_word' id='word_1_166' title='bbox 874 2777 905 2837; x_wconf 93' lang='lat' dir='ltr'>in</span> <span class='ocrx_word' id='word_1_167' title='bbox 932 2778 1014 2838; x_wconf 89' lang='lat' dir='ltr'>terra</span> <span class='ocrx_word' id='word_1_168' title='bbox 1032 2773 1202 2845; x_wconf 85' lang='lat' dir='ltr'>nunciatur,</span> <span class='ocrx_word' id='word_1_169' title='bbox 1228 2793 1286 2857; x_wconf 89' lang='lat' dir='ltr'>qua</span> 
     </span>
     <span class='ocr_line' id='line_1_22' title="bbox 80 2880 1287 2962; baseline -0.001 -18"><span class='ocrx_word' id='word_1_170' title='bbox 80 2883 183 2946; x_wconf 83' lang='lat' dir='ltr'>illuxit</span> <span class='ocrx_word' id='word_1_171' title='bbox 212 2883 278 2946; x_wconf 90' lang='lat' dir='ltr'>dies</span> <span class='ocrx_word' id='word_1_172' title='bbox 306 2883 500 2947; x_wconf 86' lang='lat' dir='ltr'>redemtionis</span> <span class='ocrx_word' id='word_1_173' title='bbox 532 2881 758 2962; x_wconf 82' lang='lat' dir='ltr'>ilungarorom,</span> <span class='ocrx_word' id='word_1_174' title='bbox 784 2881 985 2944; x_wconf 89' lang='lat' dir='ltr'>restitutionis</span> <span class='ocrx_word' id='word_1_175' title='bbox 1009 2880 1165 2960; x_wconf 84' lang='lat' dir='ltr'>dignitatis</span> <span class='ocrx_word' id='word_1_176' title='bbox 1190 2882 1287 2959; x_wconf 79' lang='lat' dir='ltr'>regie,</span> 
     </span>
     <span class='ocr_line' id='line_1_23' title="bbox 79 2989 1282 3071; baseline -0.001 -19"><span class='ocrx_word' id='word_1_177' title='bbox 79 3011 196 3054; x_wconf 89' lang='lat' dir='ltr'>reuoca</span> <span class='ocrx_word' id='word_1_178' title='bbox 229 2990 379 3054; x_wconf 89' lang='lat' dir='ltr'>libertatis</span> <span class='ocrx_word' id='word_1_179' title='bbox 412 3011 534 3054; x_wconf 89' lang='lat' dir='ltr'>corone.</span> <span class='ocrx_word' id='word_1_180' title='bbox 573 3025 618 3038; x_wconf 88' lang='lat'>-</span> <span class='ocrx_word' id='word_1_181' title='bbox 654 3025 690 3037; x_wconf 94' lang='lat'>—</span> <span class='ocrx_word' id='word_1_182' title='bbox 720 2991 918 3053; x_wconf 77' lang='lat' dir='ltr'>Beatissimae</span> <span class='ocrx_word' id='word_1_183' title='bbox 945 3011 999 3052; x_wconf 85' lang='lat' dir='ltr'>rex</span> <span class='ocrx_word' id='word_1_184' title='bbox 1021 2990 1213 3071; x_wconf 88' lang='lat' dir='ltr'>Stephanus,</span> <span class='ocrx_word' id='word_1_185' title='bbox 1246 2989 1282 3051; x_wconf 91' lang='lat' dir='ltr'>ad</span> 
     </span>
     <span class='ocr_line' id='line_1_24' title="bbox 81 3095 1282 3179; baseline -0.002 -19"><span class='ocrx_word' id='word_1_186' title='bbox 81 3099 368 3162; x_wconf 88' lang='lat' dir='ltr'>immarcescibilem</span> <span class='ocrx_word' id='word_1_187' title='bbox 391 3136 431 3146; x_wconf 90' lang='lat'>—</span> <span class='ocrx_word' id='word_1_188' title='bbox 455 3100 516 3162; x_wconf 91' lang='lat' dir='ltr'>vite</span> <span class='ocrx_word' id='word_1_189' title='bbox 536 3104 643 3161; x_wconf 89' lang='lat' dir='ltr'>eterne</span> <span class='ocrx_word' id='word_1_190' title='bbox 666 3098 849 3162; x_wconf 88' lang='lat' dir='ltr'>transiturus</span> <span class='ocrx_word' id='word_1_191' title='bbox 871 3095 1015 3179; x_wconf 87' lang='lat' dir='ltr'>gloriam,</span> <span class='ocrx_word' id='word_1_192' title='bbox 1049 3096 1226 3160; x_wconf 83' lang='lat' dir='ltr'>defensione</span> <span class='ocrx_word' id='word_1_193' title='bbox 1248 3097 1282 3158; x_wconf 93' lang='lat' dir='ltr'>B.</span> 
     </span>
     <span class='ocr_line' id='line_1_25' title="bbox 82 3202 1286 3288; baseline -0.004 -19"><span class='ocrx_word' id='word_1_194' title='bbox 82 3207 212 3288; x_wconf 81' lang='lat' dir='ltr'>virginis</span> <span class='ocrx_word' id='word_1_195' title='bbox 229 3211 342 3268; x_wconf 88' lang='lat' dir='ltr'>terram</span> <span class='ocrx_word' id='word_1_196' title='bbox 357 3206 566 3287; x_wconf 82' lang='lat' dir='ltr'>Hungarorum</span> <span class='ocrx_word' id='word_1_197' title='bbox 582 3206 689 3267; x_wconf 88' lang='lat' dir='ltr'>merito</span> <span class='ocrx_word' id='word_1_198' title='bbox 707 3203 942 3274; x_wconf 89' lang='lat' dir='ltr'>commendauit;</span> <span class='ocrx_word' id='word_1_199' title='bbox 967 3205 1036 3288; x_wconf 88' lang='lat' dir='ltr'>quia</span> <span class='ocrx_word' id='word_1_200' title='bbox 1054 3204 1120 3284; x_wconf 88' lang='lat' dir='ltr'>ejus</span> <span class='ocrx_word' id='word_1_201' title='bbox 1143 3202 1286 3286; x_wconf 90' lang='lat' dir='ltr'>precibus</span> 
     </span>
     <span class='ocr_line' id='line_1_26' title="bbox 86 3311 1287 3385; baseline -0.003 -9"><span class='ocrx_word' id='word_1_202' title='bbox 86 3320 118 3376; x_wconf 90' lang='lat' dir='ltr'>et</span> <span class='ocrx_word' id='word_1_203' title='bbox 143 3315 319 3377; x_wconf 85' lang='lat' dir='ltr'>interuentu</span> <span class='ocrx_word' id='word_1_204' title='bbox 344 3314 383 3377; x_wconf 92' lang='lat' dir='ltr'>de</span> <span class='ocrx_word' id='word_1_205' title='bbox 399 3332 519 3377; x_wconf 90' lang='lat' dir='ltr'>merore</span> <span class='ocrx_word' id='word_1_206' title='bbox 537 3314 573 3376; x_wconf 89' lang='lat' dir='ltr'>ad</span> <span class='ocrx_word' id='word_1_207' title='bbox 592 3313 732 3385; x_wconf 88' lang='lat' dir='ltr'>leticiam,</span> <span class='ocrx_word' id='word_1_208' title='bbox 757 3313 796 3375; x_wconf 94' lang='lat' dir='ltr'>de</span> <span class='ocrx_word' id='word_1_209' title='bbox 821 3315 969 3375; x_wconf 88' lang='lat' dir='ltr'>seruitute</span> <span class='ocrx_word' id='word_1_210' title='bbox 991 3313 1027 3376; x_wconf 90' lang='lat' dir='ltr'>ad</span> <span class='ocrx_word' id='word_1_211' title='bbox 1052 3311 1223 3374; x_wconf 90' lang='lat' dir='ltr'>libertatem</span> <span class='ocrx_word' id='word_1_212' title='bbox 1240 3316 1287 3373; x_wconf 88' lang='lat' dir='ltr'>est</span> 
     </span>
     <span class='ocr_line' id='line_1_27' title="bbox 84 3418 1285 3503; baseline -0.002 -20"><span class='ocrx_word' id='word_1_213' title='bbox 84 3423 243 3484; x_wconf 90' lang='lat' dir='ltr'>translata.</span> <span class='ocrx_word' id='word_1_214' title='bbox 268 3421 331 3484; x_wconf 90' lang='lat' dir='ltr'>Nos</span> <span class='ocrx_word' id='word_1_215' title='bbox 358 3421 460 3502; x_wconf 86' lang='lat' dir='ltr'>igitur,</span> <span class='ocrx_word' id='word_1_216' title='bbox 485 3420 545 3484; x_wconf 88' lang='lat' dir='ltr'>sub</span> <span class='ocrx_word' id='word_1_217' title='bbox 572 3423 765 3503; x_wconf 89' lang='lat' dir='ltr'>protectione</span> <span class='ocrx_word' id='word_1_218' title='bbox 794 3419 929 3483; x_wconf 89' lang='lat' dir='ltr'>eiusdem</span> <span class='ocrx_word' id='word_1_219' title='bbox 947 3419 1121 3493; x_wconf 89' lang='lat' dir='ltr'>militantes,</span> <span class='ocrx_word' id='word_1_220' title='bbox 1145 3418 1213 3481; x_wconf 89' lang='lat' dir='ltr'>dum</span> <span class='ocrx_word' id='word_1_221' title='bbox 1229 3437 1285 3500; x_wconf 92' lang='lat' dir='ltr'>pro</span> 
     </span>
     <span class='ocr_line' id='line_1_28' title="bbox 86 3525 1288 3612; baseline -0.004 -20"><span class='ocrx_word' id='word_1_222' title='bbox 86 3529 190 3594; x_wconf 86' lang='lat' dir='ltr'>diuine</span> <span class='ocrx_word' id='word_1_223' title='bbox 207 3530 420 3612; x_wconf 87' lang='lat' dir='ltr'>inspiracionis</span> <span class='ocrx_word' id='word_1_224' title='bbox 437 3529 540 3609; x_wconf 83' lang='lat' dir='ltr'>gracia</span> <span class='ocrx_word' id='word_1_225' title='bbox 557 3529 816 3610; x_wconf 89' lang='lat' dir='ltr'>voluntatepatris</span> <span class='ocrx_word' id='word_1_226' title='bbox 833 3529 928 3589; x_wconf 89' lang='lat' dir='ltr'>nostri</span> <span class='ocrx_word' id='word_1_227' title='bbox 945 3533 975 3590; x_wconf 88' lang='lat' dir='ltr'>et</span> <span class='ocrx_word' id='word_1_228' title='bbox 991 3534 1107 3589; x_wconf 89' lang='lat' dir='ltr'>maturo</span> <span class='ocrx_word' id='word_1_229' title='bbox 1118 3525 1288 3608; x_wconf 91' lang='lat' dir='ltr'>principum</span> 
     </span>
     <span class='ocr_line' id='line_1_29' title="bbox 85 3632 1286 3719; baseline -0.005 -18"><span class='ocrx_word' id='word_1_230' title='bbox 85 3643 170 3701; x_wconf 88' lang='lat' dir='ltr'>terre</span> <span class='ocrx_word' id='word_1_231' title='bbox 200 3641 304 3700; x_wconf 90' lang='lat' dir='ltr'>nostre</span> <span class='ocrx_word' id='word_1_232' title='bbox 333 3637 460 3700; x_wconf 89' lang='lat' dir='ltr'>consilio</span> <span class='ocrx_word' id='word_1_233' title='bbox 488 3635 613 3699; x_wconf 87' lang='lat' dir='ltr'>inutiles</span> <span class='ocrx_word' id='word_1_234' title='bbox 643 3643 674 3698; x_wconf 87' lang='lat' dir='ltr'>et</span> <span class='ocrx_word' id='word_1_235' title='bbox 702 3635 871 3718; x_wconf 83' lang='lat' dir='ltr'>superfluas</span> <span class='ocrx_word' id='word_1_236' title='bbox 898 3635 1093 3709; x_wconf 89' lang='lat' dir='ltr'>donaciones,</span> <span class='ocrx_word' id='word_1_237' title='bbox 1122 3654 1181 3719; x_wconf 83' lang='lat' dir='ltr'>que</span> <span class='ocrx_word' id='word_1_238' title='bbox 1210 3632 1286 3697; x_wconf 86' lang='lat' dir='ltr'>falso</span> 
     </span>
     <span class='ocr_line' id='line_1_30' title="bbox 87 3741 1287 3827; baseline -0.005 -19"><span class='ocrx_word' id='word_1_239' title='bbox 87 3747 211 3809; x_wconf 89' lang='lat' dir='ltr'>nomine</span> <span class='ocrx_word' id='word_1_240' title='bbox 227 3746 448 3827; x_wconf 87' lang='lat' dir='ltr'>perpetuitates</span> <span class='ocrx_word' id='word_1_241' title='bbox 465 3749 683 3826; x_wconf 91' lang='lat' dir='ltr'>nuncupantur,</span> <span class='ocrx_word' id='word_1_242' title='bbox 702 3743 943 3815; x_wconf 84' lang='lat' dir='ltr'>destrueremus,</span> <span class='ocrx_word' id='word_1_243' title='bbox 967 3742 1059 3825; x_wconf 89' lang='lat' dir='ltr'>positi</span> <span class='ocrx_word' id='word_1_244' title='bbox 1079 3742 1109 3803; x_wconf 89' lang='lat' dir='ltr'>iu</span> <span class='ocrx_word' id='word_1_245' title='bbox 1132 3741 1287 3803; x_wconf 88' lang='lat' dir='ltr'>Transsil·</span> 
     </span>
     <span class='ocr_line' id='line_1_31' title="bbox 85 3848 1287 3936; baseline -0.006 -19"><span class='ocrx_word' id='word_1_246' title='bbox 85 3857 173 3917; x_wconf 90' lang='lat' dir='ltr'>uanis</span> <span class='ocrx_word' id='word_1_247' title='bbox 191 3853 329 3934; x_wconf 90' lang='lat' dir='ltr'>partibus</span> <span class='ocrx_word' id='word_1_248' title='bbox 349 3851 417 3936; x_wconf 88' lang='lat' dir='ltr'>(hic</span> <span class='ocrx_word' id='word_1_249' title='bbox 434 3851 509 3914; x_wconf 89' lang='lat' dir='ltr'>duos</span> <span class='ocrx_word' id='word_1_250' title='bbox 528 3853 663 3915; x_wconf 83' lang='lat' dir='ltr'>Saxones</span> <span class='ocrx_word' id='word_1_251' title='bbox 681 3849 812 3934; x_wconf 85' lang='lat' dir='ltr'>eximit).</span> <span class='ocrx_word' id='word_1_252' title='bbox 838 3852 947 3914; x_wconf 89' lang='lat' dir='ltr'>Datum</span> <span class='ocrx_word' id='word_1_253' title='bbox 963 3870 1018 3932; x_wconf 87' lang='lat' dir='ltr'>per</span> <span class='ocrx_word' id='word_1_254' title='bbox 1034 3869 1139 3911; x_wconf 92' lang='lat' dir='ltr'>manus</span> <span class='ocrx_word' id='word_1_255' title='bbox 1155 3848 1287 3932; x_wconf 76' lang='lat' dir='ltr'>mathye,</span> 
     </span>
     <span class='ocr_line' id='line_1_32' title="bbox 85 3955 1285 4045; baseline -0.006 -21"><span class='ocrx_word' id='word_1_256' title='bbox 85 3960 236 4045; x_wconf 89' lang='lat' dir='ltr'>prepositi</span> <span class='ocrx_word' id='word_1_257' title='bbox 248 3959 463 4040; x_wconf 86' lang='lat' dir='ltr'>Zagrabiensis</span> <span class='ocrx_word' id='word_1_258' title='bbox 480 3960 547 4022; x_wconf 88' lang='lat' dir='ltr'>aule</span> <span class='ocrx_word' id='word_1_259' title='bbox 561 3965 665 4022; x_wconf 89' lang='lat' dir='ltr'>nostre</span> <span class='ocrx_word' id='word_1_260' title='bbox 682 3958 869 4029; x_wconf 86' lang='lat' dir='ltr'>cancellarii,</span> <span class='ocrx_word' id='word_1_261' title='bbox 884 3979 958 4021; x_wconf 88' lang='lat' dir='ltr'>anno</span> <span class='ocrx_word' id='word_1_262' title='bbox 973 3956 1082 4019; x_wconf 89' lang='lat' dir='ltr'>domini</span> <span class='ocrx_word' id='word_1_263' title='bbox 1102 3955 1285 4019; x_wconf 72' lang='lat' dir='ltr'>dccxxxi.</span> 
     </span>
     <span class='ocr_line' id='line_1_33' title="bbox 85 4063 1284 4148; baseline -0.008 -18"><span class='ocrx_word' id='word_1_264' title='bbox 85 4068 167 4130; x_wconf 88' lang='lat' dir='ltr'>Pous</span> <span class='ocrx_word' id='word_1_265' title='bbox 184 4069 424 4139; x_wconf 88' lang='lat' dir='ltr'>taucrnicorum,</span> <span class='ocrx_word' id='word_1_266' title='bbox 439 4065 521 4130; x_wconf 87' lang='lat' dir='ltr'>Cbac</span> <span class='ocrx_word' id='word_1_267' title='bbox 535 4067 756 4148; x_wconf 88' lang='lat' dir='ltr'>dapiferorum‚</span> <span class='ocrx_word' id='word_1_268' title='bbox 774 4065 868 4134; x_wconf 89' lang='lat' dir='ltr'>Posa,</span> <span class='ocrx_word' id='word_1_269' title='bbox 887 4063 947 4127; x_wconf 88' lang='lat' dir='ltr'>filio</span> <span class='ocrx_word' id='word_1_270' title='bbox 961 4063 1084 4134; x_wconf 88' lang='lat' dir='ltr'>Solum,</span> <span class='ocrx_word' id='word_1_271' title='bbox 1101 4081 1284 4142; x_wconf 86' lang='lat' dir='ltr'>agazonum;</span> 
     </span>
     <span class='ocr_line' id='line_1_34' title="bbox 84 4170 1285 4257; baseline -0.008 -17"><span class='ocrx_word' id='word_1_272' title='bbox 84 4173 247 4246; x_wconf 86' lang='lat' dir='ltr'>Michaele‚</span> <span class='ocrx_word' id='word_1_273' title='bbox 265 4173 325 4236; x_wconf 89' lang='lat' dir='ltr'>filio</span> <span class='ocrx_word' id='word_1_274' title='bbox 342 4173 439 4256; x_wconf 90' lang='lat' dir='ltr'>Opud,</span> <span class='ocrx_word' id='word_1_275' title='bbox 456 4175 669 4257; x_wconf 88' lang='lat' dir='ltr'>pincernarum</span> <span class='ocrx_word' id='word_1_276' title='bbox 686 4174 841 4254; x_wconf 80' lang='lat' dir='ltr'>magistris</span> <span class='ocrx_word' id='word_1_277' title='bbox 859 4170 1075 4242; x_wconf 81' lang='lat' dir='ltr'>existentibus3</span> <span class='ocrx_word' id='word_1_278' title='bbox 1092 4170 1172 4245; x_wconf 79' lang='lat' dir='ltr'>duta,</span> <span class='ocrx_word' id='word_1_279' title='bbox 1190 4171 1285 4231; x_wconf 86' lang='lat' dir='ltr'>fratre</span> 
     </span>
     <span class='ocr_line' id='line_1_35' title="bbox 84 4280 775 4365; baseline -0.007 -20"><span class='ocrx_word' id='word_1_280' title='bbox 84 4282 196 4353; x_wconf 84' lang='lat' dir='ltr'>Ratolt,</span> <span class='ocrx_word' id='word_1_281' title='bbox 214 4282 369 4365; x_wconf 82' lang='lat' dir='ltr'>woywoda</span> <span class='ocrx_word' id='word_1_282' title='bbox 386 4281 601 4345; x_wconf 84' lang='lat' dir='ltr'>Transsiluano</span> <span class='ocrx_word' id='word_1_283' title='bbox 618 4280 775 4344; x_wconf 82' lang='lat' dir='ltr'>existente.</span> 
     </span>
    </p>
   </div>
   <div class='ocr_carea' id='block_1_6' title="bbox 108 4509 1066 4642">
    <p class='ocr_par' dir='ltr' id='par_1_6' title="bbox 108 4509 1066 4642">
     <span class='ocr_line' id='line_1_36' title="bbox 108 4509 1060 4574; baseline -0.007 -14"><span class='ocrx_word' id='word_1_284' title='bbox 108 4516 132 4574; x_wconf 84' lang='lat'>¹)</span> <span class='ocrx_word' id='word_1_285' title='bbox 152 4515 251 4560; x_wconf 83' lang='lat' dir='ltr'>Gombas</span> <span class='ocrx_word' id='word_1_286' title='bbox 264 4513 293 4558; x_wconf 90' lang='lat' dir='ltr'>im</span> <span class='ocrx_word' id='word_1_287' title='bbox 306 4515 453 4559; x_wconf 73' lang='lat' dir='ltr'>Stathmarer</span> <span class='ocrx_word' id='word_1_288' title='bbox 464 4514 586 4559; x_wconf 84' lang='lat' dir='ltr'>Comitate.</span> <span class='ocrx_word' id='word_1_289' title='bbox 600 4515 623 4558; x_wconf 84' lang='lat' dir='ltr'>S.</span> <span class='ocrx_word' id='word_1_290' title='bbox 633 4512 737 4568; x_wconf 79' lang='lat' dir='ltr'>Szirmay</span> <span class='ocrx_word' id='word_1_291' title='bbox 750 4511 880 4565; x_wconf 82' lang='lat' dir='ltr'>Szatbmar‚</span> <span class='ocrx_word' id='word_1_292' title='bbox 889 4511 944 4556; x_wconf 88' lang='lat' dir='ltr'>tom.</span> <span class='ocrx_word' id='word_1_293' title='bbox 957 4511 974 4555; x_wconf 84' lang='lat'>1.</span> <span class='ocrx_word' id='word_1_294' title='bbox 986 4523 1009 4566; x_wconf 89' lang='lat' dir='ltr'>p.</span> <span class='ocrx_word' id='word_1_295' title='bbox 1021 4509 1060 4554; x_wconf 78' lang='lat'>25.</span> 
     </span>
     <span class='ocr_line' id='line_1_37' title="bbox 118 4588 1066 4642; baseline -0.003 0"><span class='ocrx_word' id='word_1_296' title='bbox 118 4598 214 4642; x_wconf 79' lang='lat' dir='ltr'>Fontes.</span> <span class='ocrx_word' id='word_1_297' title='bbox 232 4595 299 4639; x_wconf 80' lang='lat' dir='ltr'>nutu.</span> <span class='ocrx_word' id='word_1_298' title='bbox 316 4596 343 4640; x_wconf 91' lang='lat' dir='ltr'>ll.</span> <span class='ocrx_word' id='word_1_299' title='bbox 362 4595 402 4640; x_wconf 81' lang='lat' dir='ltr'>Bd.</span> <span class='ocrx_word' id='word_1_300' title='bbox 420 4597 466 4640; x_wconf 80' lang='lat' dir='ltr'>XV.</span> <span class='ocrx_word' id='word_1_301' title='bbox 1048 4588 1066 4639; x_wconf 72' lang='grc'>4</span> 
     </span>
    </p>
   </div>
   <div class='ocr_carea' id='block_1_7' title="bbox 0 0 1604 5092">
    <p class='ocr_par' dir='ltr' id='par_1_7' title="bbox 0 0 1604 5092">
     <span class='ocr_line' id='line_1_38' title="bbox 0 0 1604 5092; baseline 0 0"><span class='ocrx_word' id='word_1_302' title='bbox 0 0 1604 5092; x_wconf 95' lang='lat' dir='ltr'> </span> 
     </span>
    </p>
   </div>
  </div>
 </body>
</html>
