3150 5092
276 310 355 383 210

275 500 383 565 regum
400 483 580 549 liberalitate
596 482 698 547 donati
714 486 812 555 tuere,
828 482 961 549 absoluti
977 484 1155 558 habeantur,
1172 491 1205 549 et
1220 484 1365 567 exempti,
1383 482 1476 545 nibil·
1560 477 1561 566 l

276 591 393 655 ominus
409 596 508 655 tamen
532 588 666 673 raynoda
682 594 788 653 noster
803 590 835 653 iu
850 589 987 675 partibus
1015 592 1078 657 illis
1099 594 1291 662 constitutus,
1308 590 1368 655 etsi
1392 587 1476 653 nulia
1560 577 1561 580 ¹

276 718 368 781 super
383 716 437 761 eos
454 698 632 763 auctoritate
648 697 879 781 preditusonus
894 698 926 762 id
938 697 1034 765 abeis
1049 720 1141 784 porro
1152 720 1276 783 quoque
1289 703 1478 781 extorquere

276 812 379 871 nostro
392 804 448 869 sub
465 806 595 878 nominc,
612 810 643 869 et
658 810 800 889 pretextu
815 811 971 889 pergeret.
996 807 1073 874 ilinc
1087 826 1144 873 nos
1159 808 1247 891 regie
1269 808 1339 872 olim
1361 804 1477 869 libera·

277 913 372 977 litatis
395 911 591 997 fideliumque
607 910 773 977 eorundem
790 913 943 995 hospitum
959 916 1151 979 servitiorum
1172 934 1333 987 memores,
1350 912 1481 978 eosdem

279 1021 318 1086 ab
336 1022 415 1085 omni
427 1020 486 1085 boc
503 1040 627 1085 munere
639 1022 670 1084 in
687 1026 866 1103 perpetuum
882 1023 992 1087 iterum
1009 1022 1244 1106 subportandos,
1260 1020 1482 1095 elibertandos,

278 1128 521 1198 immunitandos,
539 1147 573 1191 ac
592 1126 794 1193 absolvendos
811 1129 947 1195 duximus
966 1130 1072 1195 barum
1100 1136 1272 1195 nostrarum
1303 1128 1480 1191 testimonio

278 1245 310 1301 et
336 1239 443 1320 rigore
471 1237 625 1299 literarum
659 1236 827 1308 mediante,
849 1256 924 1321 quus
948 1257 1005 1301 nea
1025 1237 1147 1302 domino
1169 1237 1325 1320 voyrode,
1349 1237 1481 1318 ejusque

279 1345 459 1411 officialibus
477 1342 622 1413 exbiberi,
639 1350 671 1409 ct
682 1344 753 1409 dein
768 1344 1000 1428 impetrantibus
1013 1347 1043 1409 in
1055 1350 1243 1429 perpetuam,
1254 1342 1481 1409 inviolabilem·

278 1473 338 1539 que
354 1452 525 1517 firmitatem
538 1451 658 1515 restitui
677 1450 812 1515 volumus
828 1459 859 1516 et
871 1452 1023 1535 jubemus.
1040 1452 1147 1517 Datum
1163 1455 1194 1516 in
1204 1452 1358 1515 descensu
1374 1455 1479 1515 nostro

280 1560 443 1644 campestri
468 1579 564 1644 prope
584 1558 710 1642 Tybam,
736 1560 812 1623 feria
827 1560 866 1623 tv
884 1561 1018 1643 proxima
1041 1567 1112 1644 post
1132 1563 1242 1625 festum
1259 1560 1293 1621 B.
1312 1559 1478 1623 Laurentii.
1539 1545 1544 1550 ⁵

280 1670 365 1731 Anno
382 1668 491 1730 donnini
509 1666 666 1729 millesimo
683 1667 896 1731 ducentesimo
913 1670 1109 1750 nonagesimo
1125 1688 1213 1731 nono.

804 1854 953 1923 ccxvii.

579 1990 659 2050 1299,
682 1990 722 2043 ll.
744 1990 912 2060 September.
933 1991 1180 2057 Klouaonburg.

375 2099 405 2161 ln
418 2118 519 2161 rerum
534 2098 809 2163 ecclesiasticarum
826 2098 964 2181 agendis,
981 2119 1102 2182 semper
1118 2097 1244 2162 meliora
1258 2100 1483 2181 prospiciuntur
1560 2151 1561 2156 ,

283 2211 314 2269 et
335 2206 449 2271 utiliora
468 2206 673 2278 attenduntur,
691 2206 728 2269 bd
746 2206 815 2279 hoo,
832 2214 864 2270 rt
879 2207 930 2271 dei
946 2208 1079 2271 ecclesia
1100 2208 1129 2270 in
1152 2225 1208 2270 suo
1231 2210 1311 2270 statu
1334 2210 1397 2275 tuta
1410 2225 1481 2288 per-

281 2318 415 2385 maneat,
434 2318 465 2375 et
481 2313 510 2373 in
528 2314 591 2377 suis
609 2313 695 2377 bonis
717 2316 757 2378 sit
773 2316 941 2397 tranquilla.
971 2316 1030 2378 Pro
1045 2334 1094 2384 eo,
1113 2335 1168 2377 nos
1187 2314 1296 2378 Petrus
1312 2313 1363 2377 dei
1378 2313 1481 2395 gracia

283 2421 446 2505 episcopus
469 2422 695 2485 Transsilvanie
717 2424 906 2487 cornmodum
927 2429 959 2487 et
975 2421 1134 2487 utilitatem
1151 2424 1248 2486 nostri
1269 2422 1478 2505 episcopatus,

288 2530 388 2594 studio
405 2529 574 2593 sollerciori
590 2531 792 2603 attendentes,
806 2538 839 2594 ut
850 2532 952 2613 populi
969 2533 1161 2614 episcopatus
1177 2531 1272 2595 nostri
1289 2529 1328 2593 de
1343 2532 1484 2595 Kluatrnr

289 2640 330 2703 cle
341 2638 444 2701 dener
460 2642 490 2699 et
505 2637 628 2699 aliarum
645 2636 780 2701 villarum
798 2646 967 2701 nostrarum
984 2639 1277 2711 circumiacencinm,
1297 2637 1484 2701 commodius
1560 2663 1561 2704 ;

286 2752 318 2809 ct
332 2746 469 2829 quieoius
486 2746 527 2807 uti
544 2742 675 2817 ualeant,
694 2746 821 2809 liberius
839 2767 875 2809 ao
890 2746 1015 2827 largius,
1032 2747 1061 2809 in
1079 2747 1142 2811 suis
1157 2747 1243 2811 bonis
1261 2746 1350 2810 nobis
1363 2745 1484 2809 servire
1560 2759 1561 2778 ³

286 2855 412 2938 possint,
433 2859 557 2936 propter
576 2855 633 2917 boc
660 2854 798 2935 diligenti
821 2854 1048 2917 deliberacione
1069 2854 1218 2936 premissa
1242 2874 1309 2917 cum
1328 2854 1393 2917 viro
1409 2852 1484 2916 reli-
1560 2837 1561 2862 ³

286 2962 373 3045 gioso
399 2962 493 3024 fratre
515 2962 643 3033 Lazaro,
667 2961 776 3026 abbate
793 2962 968 3043 monosterij
989 2961 1211 3041 gloriosissime
1235 2962 1363 3042 virginis
1387 2962 1502 3025 blarie.

287 3070 325 3133 dc
347 3070 440 3138 illus,
470 3074 655 3134 contractum
684 3070 920 3153 permutacionis
946 3070 985 3131 de
1008 3068 1186 3151 quibusdam
1210 3072 1302 3133 terris
1325 3071 1427 3133 Lcebe
1455 3076 1486 3131 et
1560 3067 1561 3140 s

287 3179 488 3263 Sacntpynrp
498 3179 613 3239 uocatis
626 3181 706 3241 inter
717 3178 931 3261 possessiones
942 3183 1060 3241 nostras
1073 3176 1243 3241 iacentibus
1251 3176 1388 3240 duximus
1400 3177 1486 3241 cele-

288 3286 445 3354 brandum,
463 3289 492 3347 in
505 3305 627 3367 quarum
641 3290 788 3349 terrarum
802 3285 1019 3356 concambium,
1032 3283 1175 3368 quasdam
1188 3285 1274 3349 villas
1288 3292 1409 3349 nostras
1418 3286 1484 3351 Nn·

287 3395 368 3459 dosd
382 3400 412 3457 et
430 3394 666 3480 Bnportbelolre
681 3399 812 3465 vocatas,
830 3392 909 3457 villis
928 3397 959 3455 ct
970 3392 1060 3455 terris
1073 3394 1247 3475 monasterij
1260 3392 1391 3477 predicti
1402 3412 1486 3455 oom-

289 3507 452 3573 metanens,
470 3502 508 3564 ab
522 3500 590 3579 alijs
607 3502 698 3564 terris
714 3503 827 3564 nostris
846 3507 877 3564 et
890 3500 1152 3583 possessionibus,
1163 3503 1255 3564 certis
1271 3502 1360 3564 metis
1376 3505 1408 3563 et
1423 3506 1486 3564 ter·

289 3610 377 3672 minis
394 3613 550 3691 separatas
567 3614 598 3671 et
614 3608 784 3679 distinctas,
808 3608 908 3671 abbati
931 3612 962 3671 et
977 3628 1034 3690 por
1049 3628 1118 3675 eum
1133 3610 1315 3673 monasterio
1337 3608 1486 3691 predicto,

289 3718 393 3781 damus
412 3723 443 3779 et
458 3717 658 3797 assignamus,
677 3736 714 3777 ae
731 3736 787 3798 per·
803 3719 918 3779 cartam
934 3721 1120 3798 presentem,
1133 3718 1230 3798 ipsum
1246 3716 1372 3780 fratrem
1389 3716 1486 3779 Mun-

288 3844 363 3895 rum,
381 3830 521 3908 tanquam
545 3823 681 3887 abbatem
705 3831 736 3885 et
761 3824 926 3904 legitimum
948 3824 1082 3887 eiusdem
1106 3825 1279 3906 monasterij
1296 3823 1486 3889 administro·

289 3940 386 3997 torem
405 3952 510 3996 verum
525 3932 675 3997 dominum
692 3938 723 3995 et
739 3932 906 4014 legitimum
921 3932 1130 3996 constituimus
1153 3953 1361 4015 possessorem
1383 3952 1489 3996 earun-

290 4043 368 4103 dem.
396 4040 604 4103 Promittendo
632 4040 730 4103 eidem
759 4049 792 4103 ut
813 4039 838 4101 si
863 4038 924 4101 ullo
947 4058 1075 4122 unquam
1091 4044 1239 4123 tempore,
1254 4042 1334 4103 idem
1352 4040 1487 4104 dominus

291 4147 384 4211 abbas
409 4148 458 4210 uel
484 4148 549 4211 eins
567 4166 773 4218 successoros,
802 4148 833 4209 in
855 4146 948 4209 terris
968 4167 1024 4227 per
1046 4168 1101 4211 nos
1121 4148 1211 4218 dans,
1238 4149 1349 4211 inloto
1371 4150 1488 4233 inpete-

291 4260 396 4317 rentur
410 4253 459 4317 uel
473 4254 503 4315 in
516 4261 612 4336 parte,
630 4272 685 4316 nos
704 4258 735 4315 ct
747 4256 843 4316 nostri
855 4273 1053 4318 successores
1065 4256 1233 4319 tenebimur
1249 4275 1383 4337 semper,
1391 4257 1487 4338 ipsum

291 4361 444 4425 dominum
461 4360 600 4425 abbatom
618 4365 649 4425 et
680 4363 895 4425 monasterium
913 4362 942 4423 in
966 4364 1161 4444 possessione
1177 4365 1277 4446 quieta
1293 4382 1487 4433 conseruare,

292 4474 322 4529 et
339 4471 367 4531 si
382 4468 440 4532 hoc
457 4468 561 4531 facere
577 4488 634 4531 non
652 4468 876 4533 attenderemus
889 4488 947 4533 nec
959 4490 1127 4551 possemus,
1141 4475 1214 4533 tnnc
1228 4476 1314 4535 terre
1329 4476 1489 4535 memorate
