<?xml version="1.0" encoding="UTF-8"?>
<!DOCTYPE html PUBLIC "-//W3C//DTD XHTML 1.0 Transitional//EN"
    "http://www.w3.org/TR/xhtml1/DTD/xhtml1-transitional.dtd">
<html xmlns="http://www.w3.org/1999/xhtml" xml:lang="en" lang="en">
 <head>
  <title>
</title>
<meta http-equiv="Content-Type" content="text/html;charset=utf-8" />
  <meta name='ocr-system' content='tesseract 3.04.00' />
  <meta name='ocr-capabilities' content='ocr_page ocr_carea ocr_par ocr_line ocrx_word'/>
</head>
<body>
  <div class='ocr_page' id='page_1' title='image "./fontesrerumaust26kommgoog_0113.png"; bbox 0 0 3150 5092; ppageno 0'>
   <div class='ocr_carea' id='block_1_1' title="bbox 1220 374 1267 445">
    <p class='ocr_par' dir='ltr' id='par_1_1' title="bbox 1220 374 1267 445">
     <span class='ocr_line' id='line_1_1' title="bbox 1220 374 1267 445; baseline -0.043 0"><span class='ocrx_word' id='word_1_1' title='bbox 1220 374 1267 445; x_wconf 77' lang='lat'>19</span> 
     </span>
    </p>
   </div>
   <div class='ocr_carea' id='block_1_2' title="bbox 61 545 1270 4076">
    <p class='ocr_par' dir='ltr' id='par_1_2' title="bbox 61 545 1270 4076">
     <span class='ocr_line' id='line_1_2' title="bbox 61 545 1267 635; baseline -0.003 -21"><span class='ocrx_word' id='word_1_2' title='bbox 61 552 119 635; x_wconf 84' lang='lat' dir='ltr'>qui</span> <span class='ocrx_word' id='word_1_3' title='bbox 136 572 192 615; x_wconf 92' lang='lat' dir='ltr'>eos</span> <span class='ocrx_word' id='word_1_4' title='bbox 209 553 427 616; x_wconf 78' lang='lat' dir='ltr'>introduxerint</span> <span class='ocrx_word' id='word_1_5' title='bbox 442 552 472 614; x_wconf 94' lang='lat' dir='ltr'>in</span> <span class='ocrx_word' id='word_1_6' title='bbox 488 571 591 614; x_wconf 88' lang='lat' dir='ltr'>manus</span> <span class='ocrx_word' id='word_1_7' title='bbox 608 552 691 634; x_wconf 84' lang='lat' dir='ltr'>regis</span> <span class='ocrx_word' id='word_1_8' title='bbox 709 548 757 613; x_wconf 82' lang='lat' dir='ltr'>rel</span> <span class='ocrx_word' id='word_1_9' title='bbox 774 548 952 612; x_wconf 89' lang='lat' dir='ltr'>nunciorum</span> <span class='ocrx_word' id='word_1_10' title='bbox 969 551 1032 612; x_wconf 89' lang='lat' dir='ltr'>cios</span> <span class='ocrx_word' id='word_1_11' title='bbox 1050 545 1179 612; x_wconf 89' lang='lat' dir='ltr'>tradent.</span> <span class='ocrx_word' id='word_1_12' title='bbox 1191 547 1267 628; x_wconf 82' lang='lat' dir='ltr'>Qui·</span> 
     </span>
     <span class='ocr_line' id='line_1_3' title="bbox 62 653 1267 742; baseline -0.004 -19"><span class='ocrx_word' id='word_1_13' title='bbox 62 678 190 742; x_wconf 90' lang='lat' dir='ltr'>cunque</span> <span class='ocrx_word' id='word_1_14' title='bbox 208 661 297 723; x_wconf 90' lang='lat' dir='ltr'>etiarn</span> <span class='ocrx_word' id='word_1_15' title='bbox 311 659 342 721; x_wconf 94' lang='lat' dir='ltr'>in</span> <span class='ocrx_word' id='word_1_16' title='bbox 354 679 448 740; x_wconf 83' lang='lat' dir='ltr'>regno</span> <span class='ocrx_word' id='word_1_17' title='bbox 462 663 563 724; x_wconf 89' lang='lat' dir='ltr'>nostro</span> <span class='ocrx_word' id='word_1_18' title='bbox 575 660 752 722; x_wconf 88' lang='lat' dir='ltr'>constitutus</span> <span class='ocrx_word' id='word_1_19' title='bbox 766 657 980 740; x_wconf 76' lang='lat' dir='ltr'><strong>proprietatem</strong></span> <span class='ocrx_word' id='word_1_20' title='bbox 993 675 1076 718; x_wconf 90' lang='lat' dir='ltr'>suam</span> <span class='ocrx_word' id='word_1_21' title='bbox 1094 653 1267 718; x_wconf 89' lang='lat' dir='ltr'>memoratis</span> 
     </span>
     <span class='ocr_line' id='line_1_4' title="bbox 61 761 1267 851; baseline -0.005 -21"><span class='ocrx_word' id='word_1_22' title='bbox 61 766 216 830; x_wconf 86' lang='lat' dir='ltr'>fratribus</span> <span class='ocrx_word' id='word_1_23' title='bbox 237 786 292 849; x_wconf 92' lang='lat' dir='ltr'>pro</span> <span class='ocrx_word' id='word_1_24' title='bbox 315 767 488 851; x_wconf 80' lang='lat' dir='ltr'>elemosyna</span> <span class='ocrx_word' id='word_1_25' title='bbox 516 767 588 831; x_wconf 88' lang='lat' dir='ltr'>dare</span> <span class='ocrx_word' id='word_1_26' title='bbox 615 767 746 831; x_wconf 82' lang='lat' dir='ltr'>voluerit</span> <span class='ocrx_word' id='word_1_27' title='bbox 775 764 814 826; x_wconf 93' lang='lat' dir='ltr'>de</span> <span class='ocrx_word' id='word_1_28' title='bbox 837 768 941 827; x_wconf 90' lang='lat' dir='ltr'>nostra</span> <span class='ocrx_word' id='word_1_29' title='bbox 963 763 1166 827; x_wconf 86' lang='lat' dir='ltr'>munificentia</span> <span class='ocrx_word' id='word_1_30' title='bbox 1187 761 1267 826; x_wconf 91' lang='lat' dir='ltr'>libe-</span> 
     </span>
     <span class='ocr_line' id='line_1_5' title="bbox 62 871 1270 958; baseline -0.003 -22"><span class='ocrx_word' id='word_1_31' title='bbox 62 894 134 936; x_wconf 89' lang='lat' dir='ltr'>ram</span> <span class='ocrx_word' id='word_1_32' title='bbox 152 874 263 937; x_wconf 88' lang='lat' dir='ltr'>haheat</span> <span class='ocrx_word' id='word_1_33' title='bbox 277 874 451 939; x_wconf 80' lang='lat' dir='ltr'>facultatem</span> <span class='ocrx_word' id='word_1_34' title='bbox 474 879 506 938; x_wconf 90' lang='lat' dir='ltr'>et</span> <span class='ocrx_word' id='word_1_35' title='bbox 520 876 617 958; x_wconf 84' lang='lat' dir='ltr'>ipsam</span> <span class='ocrx_word' id='word_1_36' title='bbox 640 874 809 937; x_wconf 89' lang='lat' dir='ltr'>donationis</span> <span class='ocrx_word' id='word_1_37' title='bbox 834 872 961 953; x_wconf 80' lang='lat' dir='ltr'>gratiam</span> <span class='ocrx_word' id='word_1_38' title='bbox 978 877 1010 935; x_wconf 92' lang='lat' dir='ltr'>ut</span> <span class='ocrx_word' id='word_1_39' title='bbox 1032 871 1127 934; x_wconf 90' lang='lat' dir='ltr'>libera</span> <span class='ocrx_word' id='word_1_40' title='bbox 1149 891 1270 955; x_wconf 90' lang='lat' dir='ltr'>perma-</span> 
     </span>
     <span class='ocr_line' id='line_1_6' title="bbox 62 977 1267 1066; baseline -0.004 -22"><span class='ocrx_word' id='word_1_41' title='bbox 62 987 142 1045; x_wconf 90' lang='lat' dir='ltr'>neat</span> <span class='ocrx_word' id='word_1_42' title='bbox 159 987 260 1044; x_wconf 88' lang='lat' dir='ltr'>nostro</span> <span class='ocrx_word' id='word_1_43' title='bbox 278 982 437 1064; x_wconf 84' lang='lat' dir='ltr'>privilegio</span> <span class='ocrx_word' id='word_1_44' title='bbox 454 987 601 1066; x_wconf 92' lang='lat' dir='ltr'>perpetuo</span> <span class='ocrx_word' id='word_1_45' title='bbox 619 979 838 1046; x_wconf 85' lang='lat' dir='ltr'>confirmamus.</span> <span class='ocrx_word' id='word_1_46' title='bbox 872 979 1017 1043; x_wconf 90' lang='lat' dir='ltr'>Preterea</span> <span class='ocrx_word' id='word_1_47' title='bbox 1041 977 1130 1042; x_wconf 88' lang='lat' dir='ltr'>talem</span> <span class='ocrx_word' id='word_1_48' title='bbox 1148 998 1183 1042; x_wconf 93' lang='lat' dir='ltr'>ac</span> <span class='ocrx_word' id='word_1_49' title='bbox 1198 983 1267 1042; x_wconf 90' lang='lat' dir='ltr'>tan-</span> 
     </span>
     <span class='ocr_line' id='line_1_7' title="bbox 62 1086 1265 1170; baseline -0.003 -19"><span class='ocrx_word' id='word_1_50' title='bbox 62 1093 132 1152; x_wconf 89' lang='lat' dir='ltr'>tam</span> <span class='ocrx_word' id='word_1_51' title='bbox 149 1089 257 1152; x_wconf 88' lang='lat' dir='ltr'>iisdem</span> <span class='ocrx_word' id='word_1_52' title='bbox 273 1088 417 1154; x_wconf 84' lang='lat' dir='ltr'>fratribus</span> <span class='ocrx_word' id='word_1_53' title='bbox 435 1090 642 1154; x_wconf 81' lang='lat' dir='ltr'>concessimus</span> <span class='ocrx_word' id='word_1_54' title='bbox 659 1089 840 1158; x_wconf 86' lang='lat' dir='ltr'>libertatern,</span> <span class='ocrx_word' id='word_1_55' title='bbox 857 1088 937 1170; x_wconf 87' lang='lat' dir='ltr'>quod</span> <span class='ocrx_word' id='word_1_56' title='bbox 960 1086 1058 1150; x_wconf 90' lang='lat' dir='ltr'>nullus</span> <span class='ocrx_word' id='word_1_57' title='bbox 1081 1086 1265 1150; x_wconf 86' lang='lat' dir='ltr'>monetario-</span> 
     </span>
     <span class='ocr_line' id='line_1_8' title="bbox 63 1192 1266 1281; baseline -0.003 -23"><span class='ocrx_word' id='word_1_58' title='bbox 63 1217 138 1260; x_wconf 88' lang='lat' dir='ltr'>rum</span> <span class='ocrx_word' id='word_1_59' title='bbox 170 1196 248 1259; x_wconf 90' lang='lat' dir='ltr'>ultra</span> <span class='ocrx_word' id='word_1_60' title='bbox 281 1197 380 1281; x_wconf 84' lang='lat' dir='ltr'>sylvas</span> <span class='ocrx_word' id='word_1_61' title='bbox 411 1200 522 1260; x_wconf 93' lang='lat' dir='ltr'>terrarn</span> <span class='ocrx_word' id='word_1_62' title='bbox 546 1217 648 1260; x_wconf 90' lang='lat' dir='ltr'>eorum</span> <span class='ocrx_word' id='word_1_63' title='bbox 673 1197 775 1267; x_wconf 87' lang='lat' dir='ltr'>intret,</span> <span class='ocrx_word' id='word_1_64' title='bbox 808 1194 854 1259; x_wconf 85' lang='lat' dir='ltr'>vel</span> <span class='ocrx_word' id='word_1_65' title='bbox 872 1198 1027 1278; x_wconf 79' lang='lat' dir='ltr'>presumat</span> <span class='ocrx_word' id='word_1_66' title='bbox 1042 1213 1095 1256; x_wconf 91' lang='lat' dir='ltr'>eos</span> <span class='ocrx_word' id='word_1_67' title='bbox 1119 1193 1149 1255; x_wconf 94' lang='lat' dir='ltr'>in</span> <span class='ocrx_word' id='word_1_68' title='bbox 1168 1192 1266 1277; x_wconf 90' lang='lat' dir='ltr'>aliquo</span> 
     </span>
     <span class='ocr_line' id='line_1_9' title="bbox 62 1302 1268 1389; baseline -0.001 -24"><span class='ocrx_word' id='word_1_69' title='bbox 62 1306 244 1378; x_wconf 84' lang='lat' dir='ltr'>molestare,</span> <span class='ocrx_word' id='word_1_70' title='bbox 261 1308 292 1368; x_wconf 92' lang='lat' dir='ltr'>et</span> <span class='ocrx_word' id='word_1_71' title='bbox 309 1304 406 1386; x_wconf 89' lang='lat' dir='ltr'>ipsum</span> <span class='ocrx_word' id='word_1_72' title='bbox 416 1304 466 1386; x_wconf 90' lang='lat' dir='ltr'>jus</span> <span class='ocrx_word' id='word_1_73' title='bbox 479 1310 509 1368; x_wconf 92' lang='lat' dir='ltr'>et</span> <span class='ocrx_word' id='word_1_74' title='bbox 525 1306 692 1376; x_wconf 89' lang='lat' dir='ltr'>utilitatem,</span> <span class='ocrx_word' id='word_1_75' title='bbox 710 1325 796 1389; x_wconf 88' lang='lat' dir='ltr'>quarn</span> <span class='ocrx_word' id='word_1_76' title='bbox 813 1305 844 1366; x_wconf 91' lang='lat' dir='ltr'>in</span> <span class='ocrx_word' id='word_1_77' title='bbox 860 1308 943 1366; x_wconf 88' lang='lat' dir='ltr'>terra</span> <span class='ocrx_word' id='word_1_78' title='bbox 959 1302 1091 1385; x_wconf 89' lang='lat' dir='ltr'>ipsorum</span> <span class='ocrx_word' id='word_1_79' title='bbox 1105 1303 1268 1385; x_wconf 81' lang='lat' dir='ltr'>percipere</span> 
     </span>
     <span class='ocr_line' id='line_1_10' title="bbox 63 1408 1267 1492; baseline -0.004 -16"><span class='ocrx_word' id='word_1_80' title='bbox 63 1413 254 1476; x_wconf 85' lang='lat' dir='ltr'>deberemus</span> <span class='ocrx_word' id='word_1_81' title='bbox 270 1411 308 1474; x_wconf 94' lang='lat' dir='ltr'>de</span> <span class='ocrx_word' id='word_1_82' title='bbox 322 1431 396 1474; x_wconf 83' lang='lat' dir='ltr'>nora</span> <span class='ocrx_word' id='word_1_83' title='bbox 414 1417 541 1483; x_wconf 86' lang='lat' dir='ltr'>moneta,</span> <span class='ocrx_word' id='word_1_84' title='bbox 557 1412 691 1476; x_wconf 87' lang='lat' dir='ltr'>totaliter</span> <span class='ocrx_word' id='word_1_85' title='bbox 704 1412 819 1475; x_wconf 87' lang='lat' dir='ltr'>eisdem</span> <span class='ocrx_word' id='word_1_86' title='bbox 836 1410 979 1474; x_wconf 87' lang='lat' dir='ltr'>fratribus</span> <span class='ocrx_word' id='word_1_87' title='bbox 993 1408 1180 1479; x_wconf 89' lang='lat' dir='ltr'>indulsimus,</span> <span class='ocrx_word' id='word_1_88' title='bbox 1199 1410 1267 1492; x_wconf 92' lang='lat' dir='ltr'>quia</span> 
     </span>
     <span class='ocr_line' id='line_1_11' title="bbox 63 1517 1264 1602; baseline -0.004 -19"><span class='ocrx_word' id='word_1_89' title='bbox 63 1521 115 1584; x_wconf 85' lang='lat' dir='ltr'>ira</span> <span class='ocrx_word' id='word_1_90' title='bbox 131 1523 236 1584; x_wconf 89' lang='lat' dir='ltr'>nostra</span> <span class='ocrx_word' id='word_1_91' title='bbox 258 1523 363 1583; x_wconf 89' lang='lat' dir='ltr'>contra</span> <span class='ocrx_word' id='word_1_92' title='bbox 379 1539 432 1582; x_wconf 91' lang='lat' dir='ltr'>eos</span> <span class='ocrx_word' id='word_1_93' title='bbox 449 1522 611 1602; x_wconf 84' lang='lat' dir='ltr'>provocata</span> <span class='ocrx_word' id='word_1_94' title='bbox 628 1539 664 1582; x_wconf 93' lang='lat' dir='ltr'>eo</span> <span class='ocrx_word' id='word_1_95' title='bbox 682 1524 829 1602; x_wconf 91' lang='lat' dir='ltr'>tempore,</span> <span class='ocrx_word' id='word_1_96' title='bbox 855 1539 920 1581; x_wconf 90' lang='lat' dir='ltr'>curn</span> <span class='ocrx_word' id='word_1_97' title='bbox 942 1524 1054 1580; x_wconf 90' lang='lat' dir='ltr'>terram</span> <span class='ocrx_word' id='word_1_98' title='bbox 1076 1517 1264 1600; x_wconf 85' lang='lat' dir='ltr'>sepedictam</span> 
     </span>
     <span class='ocr_line' id='line_1_12' title="bbox 65 1623 1265 1710; baseline -0.006 -18"><span class='ocrx_word' id='word_1_99' title='bbox 65 1629 117 1692; x_wconf 89' lang='lat' dir='ltr'>eis</span> <span class='ocrx_word' id='word_1_100' title='bbox 150 1645 385 1710; x_wconf 90' lang='lat' dir='ltr'>preceperamns</span> <span class='ocrx_word' id='word_1_101' title='bbox 408 1627 532 1697; x_wconf 84' lang='lat' dir='ltr'>auferri,</span> <span class='ocrx_word' id='word_1_102' title='bbox 564 1626 684 1689; x_wconf 82' lang='lat' dir='ltr'>fuerant</span> <span class='ocrx_word' id='word_1_103' title='bbox 706 1646 764 1689; x_wconf 93' lang='lat' dir='ltr'>non</span> <span class='ocrx_word' id='word_1_104' title='bbox 792 1626 942 1689; x_wconf 90' lang='lat' dir='ltr'>modicum</span> <span class='ocrx_word' id='word_1_105' title='bbox 971 1623 1153 1687; x_wconf 89' lang='lat' dir='ltr'>damnificati</span> <span class='ocrx_word' id='word_1_106' title='bbox 1178 1643 1265 1708; x_wconf 89' lang='lat' dir='ltr'>quam</span> 
     </span>
     <span class='ocr_line' id='line_1_13' title="bbox 63 1731 1269 1818; baseline -0.003 -20"><span class='ocrx_word' id='word_1_107' title='bbox 63 1735 322 1798; x_wconf 85' lang='lat' dir='ltr'>restaurationem</span> <span class='ocrx_word' id='word_1_108' title='bbox 340 1735 465 1799; x_wconf 90' lang='lat' dir='ltr'>facimus</span> <span class='ocrx_word' id='word_1_109' title='bbox 477 1753 524 1810; x_wconf 92' lang='lat' dir='ltr'>eo,</span> <span class='ocrx_word' id='word_1_110' title='bbox 539 1735 618 1818; x_wconf 89' lang='lat' dir='ltr'>quod</span> <span class='ocrx_word' id='word_1_111' title='bbox 635 1734 693 1817; x_wconf 90' lang='lat' dir='ltr'>ipsi</span> <span class='ocrx_word' id='word_1_112' title='bbox 711 1735 741 1796; x_wconf 92' lang='lat' dir='ltr'>in</span> <span class='ocrx_word' id='word_1_113' title='bbox 759 1733 889 1798; x_wconf 86' lang='lat' dir='ltr'>confinio</span> <span class='ocrx_word' id='word_1_114' title='bbox 912 1733 963 1796; x_wconf 93' lang='lat' dir='ltr'>illo</span> <span class='ocrx_word' id='word_1_115' title='bbox 987 1736 1128 1818; x_wconf 88' lang='lat' dir='ltr'>tanquam</span> <span class='ocrx_word' id='word_1_116' title='bbox 1149 1731 1269 1814; x_wconf 87' lang='lat' dir='ltr'>planta-</span> 
     </span>
     <span class='ocr_line' id='line_1_14' title="bbox 65 1839 1267 1924; baseline -0.003 -18"><span class='ocrx_word' id='word_1_117' title='bbox 65 1843 114 1906; x_wconf 87' lang='lat' dir='ltr'>tio</span> <span class='ocrx_word' id='word_1_118' title='bbox 139 1843 257 1906; x_wconf 82' lang='lat' dir='ltr'>novella</span> <span class='ocrx_word' id='word_1_119' title='bbox 279 1843 339 1906; x_wconf 90' lang='lat' dir='ltr'>sint</span> <span class='ocrx_word' id='word_1_120' title='bbox 360 1841 461 1924; x_wconf 87' lang='lat' dir='ltr'>positi,</span> <span class='ocrx_word' id='word_1_121' title='bbox 487 1846 517 1904; x_wconf 91' lang='lat' dir='ltr'>et</span> <span class='ocrx_word' id='word_1_122' title='bbox 538 1841 677 1905; x_wconf 90' lang='lat' dir='ltr'>assiduos</span> <span class='ocrx_word' id='word_1_123' title='bbox 699 1860 883 1924; x_wconf 81' lang='lat' dir='ltr'>paganorum</span> <span class='ocrx_word' id='word_1_124' title='bbox 910 1840 1060 1923; x_wconf 88' lang='lat' dir='ltr'>patientes</span> <span class='ocrx_word' id='word_1_125' title='bbox 1076 1839 1214 1913; x_wconf 88' lang='lat' dir='ltr'>insultus,</span> <span class='ocrx_word' id='word_1_126' title='bbox 1232 1859 1267 1902; x_wconf 91' lang='lat' dir='ltr'>se</span> 
     </span>
     <span class='ocr_line' id='line_1_15' title="bbox 64 1947 1268 2034; baseline -0.004 -21"><span class='ocrx_word' id='word_1_127' title='bbox 64 1969 127 2034; x_wconf 94' lang='lat' dir='ltr'>pro</span> <span class='ocrx_word' id='word_1_128' title='bbox 145 1969 241 2032; x_wconf 90' lang='lat' dir='ltr'>regno</span> <span class='ocrx_word' id='word_1_129' title='bbox 258 1955 399 2030; x_wconf 89' lang='lat' dir='ltr'>tanquam</span> <span class='ocrx_word' id='word_1_130' title='bbox 417 1948 533 2011; x_wconf 87' lang='lat' dir='ltr'>firmum</span> <span class='ocrx_word' id='word_1_131' title='bbox 548 1947 805 2031; x_wconf 81' lang='lat' dir='ltr'>propugnaculum</span> <span class='ocrx_word' id='word_1_132' title='bbox 829 1947 867 2011; x_wconf 92' lang='lat' dir='ltr'>de</span> <span class='ocrx_word' id='word_1_133' title='bbox 890 1947 939 2010; x_wconf 89' lang='lat' dir='ltr'>die</span> <span class='ocrx_word' id='word_1_134' title='bbox 960 1949 991 2010; x_wconf 92' lang='lat' dir='ltr'>in</span> <span class='ocrx_word' id='word_1_135' title='bbox 1013 1947 1091 2010; x_wconf 88' lang='lat' dir='ltr'>diem</span> <span class='ocrx_word' id='word_1_136' title='bbox 1113 1966 1268 2031; x_wconf 92' lang='lat' dir='ltr'>opponere</span> 
     </span>
     <span class='ocr_line' id='line_1_16' title="bbox 66 2053 1269 2139; baseline -0.005 -17"><span class='ocrx_word' id='word_1_137' title='bbox 66 2077 133 2122; x_wconf 90' lang='lat' dir='ltr'>non</span> <span class='ocrx_word' id='word_1_138' title='bbox 145 2056 317 2120; x_wconf 87' lang='lat' dir='ltr'>formidant.</span> <span class='ocrx_word' id='word_1_139' title='bbox 326 2056 537 2119; x_wconf 90' lang='lat' dir='ltr'>Verumtamen</span> <span class='ocrx_word' id='word_1_140' title='bbox 552 2054 662 2118; x_wconf 88' lang='lat' dir='ltr'>nullam</span> <span class='ocrx_word' id='word_1_141' title='bbox 678 2058 859 2137; x_wconf 91' lang='lat' dir='ltr'>potestatem</span> <span class='ocrx_word' id='word_1_142' title='bbox 872 2053 1003 2118; x_wconf 91' lang='lat' dir='ltr'>babeant</span> <span class='ocrx_word' id='word_1_143' title='bbox 1027 2054 1158 2118; x_wconf 91' lang='lat' dir='ltr'>cudendi</span> <span class='ocrx_word' id='word_1_144' title='bbox 1181 2074 1269 2139; x_wconf 92' lang='lat' dir='ltr'>quam</span> 
     </span>
     <span class='ocr_line' id='line_1_17' title="bbox 66 2161 1266 2248; baseline -0.003 -20"><span class='ocrx_word' id='word_1_145' title='bbox 66 2184 190 2248; x_wconf 90' lang='lat' dir='ltr'>cunque</span> <span class='ocrx_word' id='word_1_146' title='bbox 221 2167 368 2226; x_wconf 90' lang='lat' dir='ltr'>monetam</span> <span class='ocrx_word' id='word_1_147' title='bbox 400 2164 466 2226; x_wconf 92' lang='lat' dir='ltr'>sine</span> <span class='ocrx_word' id='word_1_148' title='bbox 489 2162 574 2244; x_wconf 85' lang='lat' dir='ltr'>regis</span> <span class='ocrx_word' id='word_1_149' title='bbox 597 2161 720 2225; x_wconf 90' lang='lat' dir='ltr'>licentia</span> <span class='ocrx_word' id='word_1_150' title='bbox 749 2162 885 2246; x_wconf 89' lang='lat' dir='ltr'>speciali.</span> <span class='ocrx_word' id='word_1_151' title='bbox 924 2161 1047 2224; x_wconf 87' lang='lat' dir='ltr'>Domum</span> <span class='ocrx_word' id='word_1_152' title='bbox 1080 2166 1179 2225; x_wconf 92' lang='lat' dir='ltr'>autem</span> <span class='ocrx_word' id='word_1_153' title='bbox 1212 2183 1266 2224; x_wconf 90' lang='lat' dir='ltr'>seu</span> 
     </span>
     <span class='ocr_line' id='line_1_18' title="bbox 66 2267 1268 2360; baseline -0.002 -26"><span class='ocrx_word' id='word_1_154' title='bbox 66 2272 222 2355; x_wconf 90' lang='lat' dir='ltr'>hospitale</span> <span class='ocrx_word' id='word_1_155' title='bbox 248 2272 373 2334; x_wconf 84' lang='lat' dir='ltr'>fratrum</span> <span class='ocrx_word' id='word_1_156' title='bbox 401 2271 564 2334; x_wconf 92' lang='lat' dir='ltr'>eorundem</span> <span class='ocrx_word' id='word_1_157' title='bbox 593 2289 660 2332; x_wconf 92' lang='lat' dir='ltr'>curn</span> <span class='ocrx_word' id='word_1_158' title='bbox 691 2268 827 2332; x_wconf 90' lang='lat' dir='ltr'>omnibus</span> <span class='ocrx_word' id='word_1_159' title='bbox 855 2267 1101 2354; x_wconf 89' lang='lat' dir='ltr'>possessionibus</span> <span class='ocrx_word' id='word_1_160' title='bbox 1125 2269 1268 2360; x_wconf 83' lang='lat' dir='ltr'>ethonis</span> 
     </span>
     <span class='ocr_line' id='line_1_19' title="bbox 68 2376 1269 2462; baseline -0.002 -21"><span class='ocrx_word' id='word_1_161' title='bbox 68 2379 138 2442; x_wconf 90' lang='lat' dir='ltr'>suis</span> <span class='ocrx_word' id='word_1_162' title='bbox 162 2399 221 2462; x_wconf 87' lang='lat' dir='ltr'>que</span> <span class='ocrx_word' id='word_1_163' title='bbox 237 2379 499 2462; x_wconf 87' lang='lat' dir='ltr'>impresentiarum</span> <span class='ocrx_word' id='word_1_164' title='bbox 515 2377 650 2458; x_wconf 81' lang='lat' dir='ltr'>legitime</span> <span class='ocrx_word' id='word_1_165' title='bbox 674 2376 788 2440; x_wconf 91' lang='lat' dir='ltr'>habere</span> <span class='ocrx_word' id='word_1_166' title='bbox 812 2383 1047 2458; x_wconf 86' lang='lat' dir='ltr'>cognoscuntur,</span> <span class='ocrx_word' id='word_1_167' title='bbox 1066 2381 1116 2440; x_wconf 89' lang='lat' dir='ltr'>aut</span> <span class='ocrx_word' id='word_1_168' title='bbox 1139 2379 1168 2440; x_wconf 90' lang='lat' dir='ltr'>in</span> <span class='ocrx_word' id='word_1_169' title='bbox 1185 2377 1269 2439; x_wconf 87' lang='lat' dir='ltr'>sutu-</span> 
     </span>
     <span class='ocr_line' id='line_1_20' title="bbox 67 2467 1269 2568; baseline -0.003 -18"><span class='ocrx_word' id='word_1_170' title='bbox 67 2505 139 2550; x_wconf 87' lang='lat' dir='ltr'>rum</span> <span class='ocrx_word' id='word_1_171' title='bbox 171 2490 325 2568; x_wconf 89' lang='lat' dir='ltr'>prestante</span> <span class='ocrx_word' id='word_1_172' title='bbox 345 2486 409 2549; x_wconf 90' lang='lat' dir='ltr'>Deo</span> <span class='ocrx_word' id='word_1_173' title='bbox 438 2487 517 2549; x_wconf 89' lang='lat' dir='ltr'>iuste</span> <span class='ocrx_word' id='word_1_174' title='bbox 547 2469 678 2568; x_wconf 84' lang='lat' dir='ltr'>poterint</span> <span class='ocrx_word' id='word_1_175' title='bbox 706 2467 835 2568; x_wconf 89' lang='lat' dir='ltr'>adipisci</span> <span class='ocrx_word' id='word_1_176' title='bbox 858 2485 913 2548; x_wconf 88' lang='lat' dir='ltr'>sub</span> <span class='ocrx_word' id='word_1_177' title='bbox 945 2489 1048 2547; x_wconf 89' lang='lat' dir='ltr'>nostra</span> <span class='ocrx_word' id='word_1_178' title='bbox 1078 2485 1269 2566; x_wconf 88' lang='lat' dir='ltr'>protectione</span> 
     </span>
     <span class='ocr_line' id='line_1_21' title="bbox 69 2590 1267 2676; baseline -0.003 -18"><span class='ocrx_word' id='word_1_179' title='bbox 69 2593 274 2676; x_wconf 90' lang='lat' dir='ltr'>suscipimus,</span> <span class='ocrx_word' id='word_1_180' title='bbox 332 2597 499 2656; x_wconf 90' lang='lat' dir='ltr'>statuentes</span> <span class='ocrx_word' id='word_1_181' title='bbox 546 2596 578 2654; x_wconf 94' lang='lat' dir='ltr'>ut</span> <span class='ocrx_word' id='word_1_182' title='bbox 623 2593 779 2674; x_wconf 86' lang='lat' dir='ltr'>perpetuis</span> <span class='ocrx_word' id='word_1_183' title='bbox 826 2591 934 2656; x_wconf 88' lang='lat' dir='ltr'>futuris</span> <span class='ocrx_word' id='word_1_184' title='bbox 981 2591 1167 2673; x_wconf 86' lang='lat' dir='ltr'>temporibus</span> <span class='ocrx_word' id='word_1_185' title='bbox 1211 2590 1267 2654; x_wconf 90' lang='lat' dir='ltr'>snb</span> 
     </span>
     <span class='ocr_line' id='line_1_22' title="bbox 69 2698 1269 2782; baseline -0.001 -18"><span class='ocrx_word' id='word_1_186' title='bbox 69 2701 162 2782; x_wconf 82' lang='lat' dir='ltr'>regia</span> <span class='ocrx_word' id='word_1_187' title='bbox 178 2701 271 2764; x_wconf 89' lang='lat' dir='ltr'>tutela</span> <span class='ocrx_word' id='word_1_188' title='bbox 289 2704 320 2763; x_wconf 92' lang='lat' dir='ltr'>et</span> <span class='ocrx_word' id='word_1_189' title='bbox 336 2699 512 2764; x_wconf 90' lang='lat' dir='ltr'>defensione</span> <span class='ocrx_word' id='word_1_190' title='bbox 530 2698 705 2762; x_wconf 90' lang='lat' dir='ltr'>consistant.</span> <span class='ocrx_word' id='word_1_191' title='bbox 722 2700 761 2762; x_wconf 87' lang='lat' dir='ltr'>Et</span> <span class='ocrx_word' id='word_1_192' title='bbox 775 2703 809 2762; x_wconf 93' lang='lat' dir='ltr'>ut</span> <span class='ocrx_word' id='word_1_193' title='bbox 824 2699 905 2762; x_wconf 89' lang='lat' dir='ltr'>istud</span> <span class='ocrx_word' id='word_1_194' title='bbox 923 2699 966 2762; x_wconf 89' lang='lat' dir='ltr'>eis</span> <span class='ocrx_word' id='word_1_195' title='bbox 983 2704 1079 2762; x_wconf 93' lang='lat' dir='ltr'>ratum</span> <span class='ocrx_word' id='word_1_196' title='bbox 1094 2704 1269 2782; x_wconf 89' lang='lat' dir='ltr'>permaneat</span> 
     </span>
     <span class='ocr_line' id='line_1_23' title="bbox 71 2806 1270 2892; baseline -0.002 -20"><span class='ocrx_word' id='word_1_197' title='bbox 71 2816 167 2892; x_wconf 91' lang='lat' dir='ltr'>atque</span> <span class='ocrx_word' id='word_1_198' title='bbox 184 2809 315 2881; x_wconf 86' lang='lat' dir='ltr'>firmum,</span> <span class='ocrx_word' id='word_1_199' title='bbox 342 2812 515 2890; x_wconf 91' lang='lat' dir='ltr'>presentem</span> <span class='ocrx_word' id='word_1_200' title='bbox 533 2807 674 2891; x_wconf 85' lang='lat' dir='ltr'>paginam</span> <span class='ocrx_word' id='word_1_201' title='bbox 695 2806 753 2869; x_wconf 91' lang='lat' dir='ltr'>sibi</span> <span class='ocrx_word' id='word_1_202' title='bbox 772 2807 914 2870; x_wconf 88' lang='lat' dir='ltr'>iussimus</span> <span class='ocrx_word' id='word_1_203' title='bbox 939 2807 1021 2871; x_wconf 92' lang='lat' dir='ltr'>bulle</span> <span class='ocrx_word' id='word_1_204' title='bbox 1049 2812 1152 2872; x_wconf 89' lang='lat' dir='ltr'>nostre</span> <span class='ocrx_word' id='word_1_205' title='bbox 1178 2828 1270 2870; x_wconf 92' lang='lat' dir='ltr'>auree</span> 
     </span>
     <span class='ocr_line' id='line_1_24' title="bbox 70 2912 1267 2997; baseline -0.004 -15"><span class='ocrx_word' id='word_1_206' title='bbox 70 2915 253 2982; x_wconf 87' lang='lat' dir='ltr'>charactere</span> <span class='ocrx_word' id='word_1_207' title='bbox 268 2915 420 2995; x_wconf 83' lang='lat' dir='ltr'>insigniri,</span> <span class='ocrx_word' id='word_1_208' title='bbox 446 2915 553 2977; x_wconf 90' lang='lat' dir='ltr'>Datum</span> <span class='ocrx_word' id='word_1_209' title='bbox 582 2935 638 2997; x_wconf 87' lang='lat' dir='ltr'>per</span> <span class='ocrx_word' id='word_1_210' title='bbox 659 2934 762 2976; x_wconf 88' lang='lat' dir='ltr'>manus</span> <span class='ocrx_word' id='word_1_211' title='bbox 789 2912 868 2976; x_wconf 84' lang='lat' dir='ltr'>Cleti</span> <span class='ocrx_word' id='word_1_212' title='bbox 886 2913 952 2977; x_wconf 94' lang='lat' dir='ltr'>aule</span> <span class='ocrx_word' id='word_1_213' title='bbox 973 2917 1060 2996; x_wconf 85' lang='lat' dir='ltr'>regie</span> <span class='ocrx_word' id='word_1_214' title='bbox 1086 2915 1267 2986; x_wconf 87' lang='lat' dir='ltr'>cancellarii,</span> 
     </span>
     <span class='ocr_line' id='line_1_25' title="bbox 71 3021 1268 3107; baseline -0.002 -21"><span class='ocrx_word' id='word_1_215' title='bbox 71 3023 232 3106; x_wconf 81' lang='lat' dir='ltr'>Agriensis</span> <span class='ocrx_word' id='word_1_216' title='bbox 255 3023 419 3107; x_wconf 87' lang='lat' dir='ltr'>prepositi,</span> <span class='ocrx_word' id='word_1_217' title='bbox 445 3041 521 3084; x_wconf 88' lang='lat' dir='ltr'>anno</span> <span class='ocrx_word' id='word_1_218' title='bbox 544 3021 580 3084; x_wconf 92' lang='lat' dir='ltr'>ab</span> <span class='ocrx_word' id='word_1_219' title='bbox 605 3023 808 3084; x_wconf 88' lang='lat' dir='ltr'>incarnatione</span> <span class='ocrx_word' id='word_1_220' title='bbox 837 3021 949 3084; x_wconf 92' lang='lat' dir='ltr'>domini</span> <span class='ocrx_word' id='word_1_221' title='bbox 970 3022 1129 3085; x_wconf 90' lang='lat' dir='ltr'>millesimo</span> <span class='ocrx_word' id='word_1_222' title='bbox 1155 3024 1268 3086; x_wconf 93' lang='lat' dir='ltr'>ducen-</span> 
     </span>
     <span class='ocr_line' id='line_1_26' title="bbox 70 3129 1269 3214; baseline -0.001 -21"><span class='ocrx_word' id='word_1_223' title='bbox 70 3131 181 3195; x_wconf 87' lang='lat' dir='ltr'>tesimo</span> <span class='ocrx_word' id='word_1_224' title='bbox 209 3131 356 3214; x_wconf 86' lang='lat' dir='ltr'>vigesimo</span> <span class='ocrx_word' id='word_1_225' title='bbox 381 3130 526 3195; x_wconf 90' lang='lat' dir='ltr'>seeundo.</span> <span class='ocrx_word' id='word_1_226' title='bbox 551 3129 726 3193; x_wconf 89' lang='lat' dir='ltr'>Venerabili</span> <span class='ocrx_word' id='word_1_227' title='bbox 749 3129 887 3192; x_wconf 80' lang='lat' dir='ltr'>dobanne</span> <span class='ocrx_word' id='word_1_228' title='bbox 903 3130 1125 3211; x_wconf 83' lang='lat' dir='ltr'>Strigoniensi,</span> <span class='ocrx_word' id='word_1_229' title='bbox 1153 3130 1269 3212; x_wconf 79' lang='lat' dir='ltr'>Ugrino</span> 
     </span>
     <span class='ocr_line' id='line_1_27' title="bbox 72 3236 1270 3322; baseline -0.003 -18"><span class='ocrx_word' id='word_1_230' title='bbox 72 3238 235 3304; x_wconf 85' lang='lat' dir='ltr'>Colocensi</span> <span class='ocrx_word' id='word_1_231' title='bbox 262 3239 510 3322; x_wconf 89' lang='lat' dir='ltr'>archiepiscopis.</span> <span class='ocrx_word' id='word_1_232' title='bbox 546 3237 705 3300; x_wconf 91' lang='lat' dir='ltr'>Desiderio</span> <span class='ocrx_word' id='word_1_233' title='bbox 734 3236 942 3310; x_wconf 82' lang='lat' dir='ltr'>Chanadensi,</span> <span class='ocrx_word' id='word_1_234' title='bbox 978 3238 1110 3321; x_wconf 84' lang='lat' dir='ltr'>liuperto</span> <span class='ocrx_word' id='word_1_235' title='bbox 1144 3240 1270 3322; x_wconf 90' lang='lat' dir='ltr'>Vespri-</span> 
     </span>
     <span class='ocr_line' id='line_1_28' title="bbox 70 3344 1268 3429; baseline -0.002 -19"><span class='ocrx_word' id='word_1_236' title='bbox 70 3347 179 3421; x_wconf 87' lang='lat' dir='ltr'>mensi,</span> <span class='ocrx_word' id='word_1_237' title='bbox 198 3344 567 3429; x_wconf 85' lang='lat' dir='ltr'>StephanoZagrabiensi‚</span> <span class='ocrx_word' id='word_1_238' title='bbox 584 3345 701 3408; x_wconf 84' lang='lat' dir='ltr'>Thema</span> <span class='ocrx_word' id='word_1_239' title='bbox 718 3345 869 3426; x_wconf 84' lang='lat' dir='ltr'>Agriensi,</span> <span class='ocrx_word' id='word_1_240' title='bbox 886 3345 1055 3408; x_wconf 82' lang='lat' dir='ltr'>Alexandro</span> <span class='ocrx_word' id='word_1_241' title='bbox 1068 3345 1268 3419; x_wconf 75' lang='lat' dir='ltr'>waradiensi,</span> 
     </span>
     <span class='ocr_line' id='line_1_29' title="bbox 72 3452 1269 3536; baseline -0.001 -19"><span class='ocrx_word' id='word_1_242' title='bbox 72 3453 181 3518; x_wconf 81' lang='lat' dir='ltr'>Cosma</span> <span class='ocrx_word' id='word_1_243' title='bbox 203 3453 372 3525; x_wconf 88' lang='lat' dir='ltr'>Geuriensi,</span> <span class='ocrx_word' id='word_1_244' title='bbox 389 3453 598 3515; x_wconf 79' lang='lat' dir='ltr'>bartholomeo</span> <span class='ocrx_word' id='word_1_245' title='bbox 621 3452 954 3536; x_wconf 84' lang='lat' dir='ltr'>Quinqueecclesiensi,</span> <span class='ocrx_word' id='word_1_246' title='bbox 978 3452 1095 3516; x_wconf 88' lang='lat' dir='ltr'>Briceio</span> <span class='ocrx_word' id='word_1_247' title='bbox 1113 3453 1269 3516; x_wconf 87' lang='lat' dir='ltr'>Waciensi</span> 
     </span>
     <span class='ocr_line' id='line_1_30' title="bbox 71 3560 1267 3646; baseline -0.002 -21"><span class='ocrx_word' id='word_1_248' title='bbox 71 3563 239 3646; x_wconf 86' lang='lat' dir='ltr'>episcopis,</span> <span class='ocrx_word' id='word_1_249' title='bbox 268 3561 375 3626; x_wconf 81' lang='lat' dir='ltr'>Eleeto</span> <span class='ocrx_word' id='word_1_250' title='bbox 399 3561 475 3624; x_wconf 87' lang='lat' dir='ltr'>ultra</span> <span class='ocrx_word' id='word_1_251' title='bbox 498 3560 612 3645; x_wconf 84' lang='lat' dir='ltr'>sylvam</span> <span class='ocrx_word' id='word_1_252' title='bbox 632 3560 842 3624; x_wconf 84' lang='lat' dir='ltr'>existentibus.</span> <span class='ocrx_word' id='word_1_253' title='bbox 865 3561 1028 3625; x_wconf 86' lang='lat' dir='ltr'>Theodoro</span> <span class='ocrx_word' id='word_1_254' title='bbox 1052 3561 1112 3624; x_wconf 84' lang='lat' dir='ltr'>filio</span> <span class='ocrx_word' id='word_1_255' title='bbox 1138 3561 1267 3625; x_wconf 91' lang='lat' dir='ltr'>Weeieh</span> 
     </span>
     <span class='ocr_line' id='line_1_31' title="bbox 70 3659 1267 3754; baseline 0 -22"><span class='ocrx_word' id='word_1_256' title='bbox 70 3670 215 3754; x_wconf 88' lang='lat' dir='ltr'>palatino,</span> <span class='ocrx_word' id='word_1_257' title='bbox 232 3670 328 3733; x_wconf 90' lang='lat' dir='ltr'>Pausa</span> <span class='ocrx_word' id='word_1_258' title='bbox 349 3670 410 3732; x_wconf 90' lang='lat' dir='ltr'>filio</span> <span class='ocrx_word' id='word_1_259' title='bbox 427 3669 511 3732; x_wconf 86' lang='lat' dir='ltr'>Naue</span> <span class='ocrx_word' id='word_1_260' title='bbox 533 3669 650 3740; x_wconf 88' lang='lat' dir='ltr'>curiali,</span> <span class='ocrx_word' id='word_1_261' title='bbox 673 3669 796 3732; x_wconf 88' lang='lat' dir='ltr'>Nicolao</span> <span class='ocrx_word' id='word_1_262' title='bbox 819 3659 991 3740; x_wconf 88' lang='lat' dir='ltr'>Baehiensi,</span> <span class='ocrx_word' id='word_1_263' title='bbox 1016 3668 1153 3732; x_wconf 85' lang='lat' dir='ltr'>Tiburtia</span> <span class='ocrx_word' id='word_1_264' title='bbox 1169 3669 1267 3732; x_wconf 84' lang='lat' dir='ltr'>lloso-</span> 
     </span>
     <span class='ocr_line' id='line_1_32' title="bbox 71 3776 1267 3849; baseline 0.002 -11"><span class='ocrx_word' id='word_1_265' title='bbox 71 3778 179 3848; x_wconf 88' lang='lat' dir='ltr'>niensi,</span> <span class='ocrx_word' id='word_1_266' title='bbox 198 3778 282 3841; x_wconf 89' lang='lat' dir='ltr'>Helia</span> <span class='ocrx_word' id='word_1_267' title='bbox 298 3777 502 3849; x_wconf 79' lang='lat' dir='ltr'>bichoriensi,</span> <span class='ocrx_word' id='word_1_268' title='bbox 520 3777 648 3840; x_wconf 89' lang='lat' dir='ltr'>Martino</span> <span class='ocrx_word' id='word_1_269' title='bbox 671 3776 732 3840; x_wconf 91' lang='lat' dir='ltr'>filio</span> <span class='ocrx_word' id='word_1_270' title='bbox 754 3777 913 3840; x_wconf 84' lang='lat' dir='ltr'>Michaelis</span> <span class='ocrx_word' id='word_1_271' title='bbox 931 3777 999 3839; x_wconf 89' lang='lat' dir='ltr'>novi</span> <span class='ocrx_word' id='word_1_272' title='bbox 1016 3777 1109 3839; x_wconf 90' lang='lat' dir='ltr'>castri</span> <span class='ocrx_word' id='word_1_273' title='bbox 1123 3776 1267 3841; x_wconf 87' lang='lat' dir='ltr'>militibus</span> 
     </span>
     <span class='ocr_line' id='line_1_33' title="bbox 72 3883 1268 3965; baseline 0.002 -17"><span class='ocrx_word' id='word_1_274' title='bbox 72 3884 272 3950; x_wconf 83' lang='lat' dir='ltr'>existentibus</span> <span class='ocrx_word' id='word_1_275' title='bbox 297 3889 327 3949; x_wconf 91' lang='lat' dir='ltr'>et</span> <span class='ocrx_word' id='word_1_276' title='bbox 354 3885 419 3948; x_wconf 91' lang='lat' dir='ltr'>aliis</span> <span class='ocrx_word' id='word_1_277' title='bbox 443 3884 542 3947; x_wconf 87' lang='lat' dir='ltr'>multis</span> <span class='ocrx_word' id='word_1_278' title='bbox 565 3887 725 3948; x_wconf 88' lang='lat' dir='ltr'>comitatus</span> <span class='ocrx_word' id='word_1_279' title='bbox 749 3884 932 3948; x_wconf 89' lang='lat' dir='ltr'>tenentibus.</span> <span class='ocrx_word' id='word_1_280' title='bbox 956 3883 1054 3965; x_wconf 85' lang='lat' dir='ltr'>Regni</span> <span class='ocrx_word' id='word_1_281' title='bbox 1071 3885 1167 3947; x_wconf 91' lang='lat' dir='ltr'>nostri</span> <span class='ocrx_word' id='word_1_282' title='bbox 1191 3906 1268 3950; x_wconf 92' lang='lat' dir='ltr'>anno</span> 
     </span>
     <span class='ocr_line' id='line_1_34' title="bbox 73 3992 351 4076; baseline -0.004 -21"><span class='ocrx_word' id='word_1_283' title='bbox 73 3992 192 4058; x_wconf 89' lang='lat' dir='ltr'>decimo</span> <span class='ocrx_word' id='word_1_284' title='bbox 212 3994 351 4076; x_wconf 89' lang='lat' dir='ltr'>septimo.</span> 
     </span>
    </p>
   </div>
   <div class='ocr_carea' id='block_1_3' title="bbox 500 4194 832 4392">
    <p class='ocr_par' dir='ltr' id='par_1_3' title="bbox 500 4194 832 4392">
     <span class='ocr_line' id='line_1_35' title="bbox 628 4194 709 4264; baseline 0.025 -2"><span class='ocrx_word' id='word_1_285' title='bbox 628 4194 709 4264; x_wconf 90' lang='lat' dir='ltr'>XlX.</span> 
     </span>
     <span class='ocr_line' id='line_1_36' title="bbox 500 4328 832 4392; baseline -0.006 -10"><span class='ocrx_word' id='word_1_286' title='bbox 500 4330 580 4392; x_wconf 83' lang='lat'>1222,</span> <span class='ocrx_word' id='word_1_287' title='bbox 599 4328 643 4383; x_wconf 80' lang='lat'>19.</span> <span class='ocrx_word' id='word_1_288' title='bbox 663 4330 727 4382; x_wconf 85' lang='lat' dir='ltr'>Dec·</span> <span class='ocrx_word' id='word_1_289' title='bbox 748 4329 832 4382; x_wconf 87' lang='lat' dir='ltr'>Rom.</span> 
     </span>
    </p>
   </div>
   <div class='ocr_carea' id='block_1_4' title="bbox 162 4436 1264 4523">
    <p class='ocr_par' dir='ltr' id='par_1_4' title="bbox 162 4436 1264 4523">
     <span class='ocr_line' id='line_1_37' title="bbox 162 4436 1264 4523; baseline -0.001 -21"><span class='ocrx_word' id='word_1_290' title='bbox 162 4439 309 4504; x_wconf 89' lang='lat' dir='ltr'>Honorius</span> <span class='ocrx_word' id='word_1_291' title='bbox 341 4439 522 4523; x_wconf 87' lang='lat' dir='ltr'>episeopus,</span> <span class='ocrx_word' id='word_1_292' title='bbox 560 4459 667 4502; x_wconf 90' lang='lat' dir='ltr'>seruus</span> <span class='ocrx_word' id='word_1_293' title='bbox 700 4458 877 4502; x_wconf 89' lang='lat' dir='ltr'>serunorum</span> <span class='ocrx_word' id='word_1_294' title='bbox 909 4437 983 4513; x_wconf 84' lang='lat' dir='ltr'>Dei,</span> <span class='ocrx_word' id='word_1_295' title='bbox 1029 4437 1149 4500; x_wconf 88' lang='lat' dir='ltr'>dilectis</span> <span class='ocrx_word' id='word_1_296' title='bbox 1180 4436 1264 4510; x_wconf 87' lang='lat' dir='ltr'>tiliis,</span> 
     </span>
    </p>
   </div>
   <div class='ocr_carea' id='block_1_5' title="bbox 71 4546 1267 4703">
    <p class='ocr_par' dir='ltr' id='par_1_5' title="bbox 71 4546 1267 4703">
     <span class='ocr_line' id='line_1_38' title="bbox 71 4546 1267 4634; baseline 0 -22"><span class='ocrx_word' id='word_1_297' title='bbox 71 4547 242 4634; x_wconf 76' lang='lat' dir='ltr'>mopistro,</span> <span class='ocrx_word' id='word_1_298' title='bbox 296 4553 329 4610; x_wconf 87' lang='lat' dir='ltr'>et</span> <span class='ocrx_word' id='word_1_299' title='bbox 364 4547 522 4631; x_wconf 75' lang='lat' dir='ltr'>fratribus</span> <span class='ocrx_word' id='word_1_300' title='bbox 566 4547 675 4610; x_wconf 81' lang='lat' dir='ltr'>domus</span> <span class='ocrx_word' id='word_1_301' title='bbox 712 4552 823 4610; x_wconf 83' lang='lat' dir='ltr'>sancte</span> <span class='ocrx_word' id='word_1_302' title='bbox 865 4546 970 4609; x_wconf 73' lang='lat' dir='ltr'>Marte</span> <span class='ocrx_word' id='word_1_303' title='bbox 1027 4546 1267 4612; x_wconf 66' lang='lat' dir='ltr'>Teutonicos-om</span> 
     </span>
     <span class='ocr_line' id='line_1_39' title="bbox 1012 4649 1049 4703; baseline 0 -22"><span class='ocrx_word' id='word_1_304' title='bbox 1012 4649 1049 4703; x_wconf 64' lang='lat'>20</span> 
     </span>
    </p>
   </div>
   <div class='ocr_carea' id='block_1_6' title="bbox 0 0 1594 5092">
    <p class='ocr_par' dir='ltr' id='par_1_6' title="bbox 0 0 1594 5092">
     <span class='ocr_line' id='line_1_40' title="bbox 0 0 1594 5092; baseline 0 0"><span class='ocrx_word' id='word_1_305' title='bbox 0 0 1594 5092; x_wconf 95' lang='lat' dir='ltr'> </span> 
     </span>
    </p>
   </div>
  </div>
 </body>
</html>
