3150 5092
1226 326 1276 395 97

57 494 182 557 comite
209 494 250 558 de
278 494 368 580 Gyog
395 497 515 560 homine
544 496 659 559 domini
681 498 765 578 regis
788 498 962 561 conuocatis
986 496 1124 560 omnihus
1142 518 1275 562 comme-

55 604 168 666 taneis
186 607 219 664 et
235 603 354 676 vicinis,
375 609 407 669 et
434 605 610 688 specialiter
633 625 733 668 coram
755 603 842 667 nobis
859 605 973 669 exstitit
991 603 1177 669 reamhulata
1195 606 1276 670 nullo

57 709 300 774 contradictore
322 712 444 795 penitus
468 713 628 784 existente,
657 718 688 775 et
716 712 840 776 eosdem
867 713 898 774 in
926 712 1054 797 pacifica
1078 715 1276 796 possessione

52 816 147 880 dicte
166 822 252 881 terre
268 838 447 901 permanere
462 827 494 882 et
508 839 600 902 super
617 819 664 882 his
681 819 819 884 omnihus
835 814 954 884 litteras
971 825 1089 884 nostras
1108 826 1269 904 presentes

11 927 12 934 ’
52 929 86 986 et
103 925 335 989 testimoniales
353 926 489 989 duximus
506 927 622 990 eisdem
638 928 850 999 conterendas,
873 922 965 1009 sigilli
988 929 1084 991 nostri
1099 927 1264 990 munimine

52 1018 254 1097 roborando.
286 1035 393 1097 Datum
410 1032 496 1097 hlbe.
519 1036 602 1098 huno
615 1035 727 1099 domini
745 1033 904 1100 millesimo
916 1033 1124 1100 ducentesimo
1142 1042 1268 1118 septua-

60 1141 193 1221 gesimo
210 1141 319 1224 primo.

663 1329 700 1398 0.

527 1461 607 1524 1272,
627 1461 670 1516 17.
689 1463 816 1518 Februar.

164 1569 357 1652 Stephanus,
385 1571 441 1634 Dei
473 1571 570 1654 gratia
604 1571 772 1653 hungarie,
802 1570 967 1642 Dalmatio,
997 1571 1134 1644 Creatie,
1167 1570 1272 1644 Reme,

64 1677 196 1748 Seruis,
205 1676 345 1749 Gallicis,
358 1677 552 1750 Lodomerie,
561 1677 703 1742 Cottianis
712 1679 917 1762 Bulgarieque
928 1699 991 1741 rex.
1005 1677 1149 1742 Omnibus
1162 1676 1277 1742 Christi

61 1781 228 1860 fidelibus,
245 1793 418 1866 presentem
435 1786 575 1869 paginam
592 1786 786 1869 inspecturis,
804 1785 930 1850 salutem
952 1785 982 1848 in
1008 1805 1056 1856 eo,
1080 1787 1130 1870 qui
1148 1786 1275 1867 regibus

65 1891 123 1954 dat
147 1897 286 1956 eternam
314 1892 451 1957 salutem.
486 1893 530 1957 hd
557 1893 763 1958 universorum
792 1894 926 1958 notitiam
956 1897 1064 1957 tenore
1091 1894 1276 1976 presentium

67 1998 216 2064 uolumus
238 2001 415 2084 pervenire,
437 2003 515 2085 quod
537 2022 590 2064 nos
613 2002 805 2065 attendentes
833 2000 997 2065 fidelitates
1025 2007 1057 2064 et
1084 2001 1276 2064 seruitiorum

64 2110 184 2171 merita
203 2109 337 2172 fidelium
355 2114 525 2172 nostrornm
541 2109 677 2174 ,loannis
693 2115 725 2172 et
739 2109 899 2195 Stephani
913 2110 1136 2191 magistrorum,
1149 2109 1276 2172 liliorum

63 2217 193 2279 comitis
208 2217 303 2289 cicc,
313 2216 457 2280 nobilium
474 2217 512 2280 de
526 2217 602 2280 vltra
615 2216 726 2288 Dreua,
741 2237 800 2298 que
813 2216 901 2280 nobis
913 2216 943 2278 in
960 2215 1090 2280 diuersis
1104 2217 1274 2298 expeditio·

63 2323 161 2387 nibus
188 2326 278 2404 regni
295 2326 389 2388 nostri
410 2324 610 2389 exhibuerunt
626 2323 757 2387 fideliter
776 2332 808 2388 et
825 2322 947 2399 devote,
969 2324 1145 2408 specialiter
1164 2329 1274 2395 tamen,

61 2451 127 2514 que
150 2431 242 2493 nobis
258 2433 289 2492 in
305 2437 404 2496 castra
427 2432 641 2515 Fehete·hogy
658 2431 858 2496 existentibus
881 2432 1097 2504 exhibuerunt;
1122 2433 1163 2494 ita
1187 2432 1272 2494 vide·

61 2539 161 2610 licet,
184 2539 281 2622 quod,
305 2559 394 2623 quum
417 2540 618 2612 Laurentius,
639 2539 719 2603 tilius
737 2541 872 2621 Kemeny
888 2543 1075 2622 expugnaret
1097 2545 1200 2603 contra
1217 2560 1273 2604 nos

62 2647 187 2710 dictum
205 2651 356 2718 castrum,
372 2647 463 2710 iidem
480 2648 635 2710 lohannes
652 2651 682 2710 et
702 2647 874 2731 Stephanus
899 2647 1035 2729 magistri
1057 2668 1113 2731 pro
1129 2646 1277 2711 fidelitate

62 2755 161 2819 nobis
180 2735 349 2818 exhibenda
366 2755 494 2819 viriliter
511 2755 694 2827 dimicando,
718 2774 804 2839 quam
827 2753 964 2836 pluribus
987 2755 1163 2818 vulneribus
1180 2755 1275 2818 exsti·

63 2866 179 2926 terunt
195 2861 358 2934 vulnerati3
391 2867 526 2926 ceterum
543 2882 632 2946 quum
648 2863 844 2946 permittente
865 2863 998 2936 domino,
1020 2863 1059 2926 de
1076 2867 1177 2925 cestro
1193 2861 1274 2924 dicto

63 2971 103 3034 ad
122 2973 232 3052 partes
249 2968 424 3034 danubialee
442 2971 629 3034 duxissemus
647 2990 774 3051 gressus
791 2974 928 3041 nostros,
951 2969 1041 3032 iidem
1065 2968 1221 3031 lohannes
1244 2974 1275 3031 ct

64 3077 250 3160 Stephanus
273 3077 412 3158 magistri
428 3077 458 3139 in
475 3076 625 3148 conflictu,
644 3097 733 3160 quem
749 3079 779 3140 in
798 3075 959 3158 llsuazegh
977 3082 1084 3140 contra
1100 3075 1280 3157 generalem

63 3184 241 3250 exercitum
265 3184 361 3266 patris
386 3184 482 3247 nostri
507 3184 673 3256 habuimus,
699 3184 774 3247 dnos
791 3183 913 3256 milites,
930 3185 1022 3246 armis
1038 3182 1117 3246 bene
1133 3183 1274 3258 munitos,

64 3295 105 3358 ad
135 3313 195 3356 nos
223 3293 392 3376 captiuatos
415 3290 610 3355 adduxerunt.
647 3289 709 3352 Nos
736 3289 886 3374 siquidem
908 3294 939 3354 in
963 3272 1275 3374 recompensationem

67 3408 117 3467 tot
137 3405 171 3465 et
186 3404 335 3463 tantorum
352 3399 542 3464 seruitiorum
568 3398 751 3468 eorumdem,
780 3399 916 3480 quamuis
939 3419 995 3482 pro
1011 3399 1130 3462 modico
1148 3405 1275 3480 repute—
1359 3409 1364 3420 “

66 3529 153 3580 mus
171 3507 277 3591 quein
296 3507 432 3590 presenti
450 3509 579 3588 agimus,
596 3510 739 3588 respectu
756 3505 872 3577 horum,
890 3526 949 3589 que
965 3507 1068 3570 tacere
1085 3504 1275 3577 intendimus,

67 3616 235 3702 qnamdam
251 3621 364 3680 terram
389 3613 610 3698 speculatorum
636 3616 819 3685 nostrorum,
846 3614 909 3677 llnr
925 3613 1091 3695 vulgariter
1119 3613 1278 3684 dictorum,

67 3725 208 3810 Fynthc
226 3730 381 3793 vocatam,
397 3743 520 3786 vacuam
542 3727 573 3784 et
590 3721 808 3784 habitatoribus
825 3721 1016 3790 destitutam,
1033 3722 1063 3782 in
1081 3719 1223 3783 comitatu
1240 3720 1278 3782 de

68 3835 174 3897 Saros
192 3831 380 3899 existentem,
397 3830 472 3912 ipsis
488 3827 619 3894 «iohanni
635 3834 666 3891 et
682 3828 837 3911 Stephano
855 3828 1021 3909 magistris,
1043 3848 1098 3890 seu
1114 3825 1279 3890 heredibus

68 3957 199 4009 eornm,
229 3937 436 4020 heredumque
463 3957 585 4002 suorum
606 3935 841 3999 successorihus
864 3934 1016 4003 dedimus,
1040 3933 1216 3998 donauimns
1245 3937 1277 3995 et

69 4047 267 4118 contulimus,
282 4049 352 4129 jure
369 4050 516 4130 perpetuo
534 4051 566 4108 et
580 4043 822 4108 irrevocabiliter
838 4042 1070 4128 possidendam,
1094 4043 1132 4104 de
1150 4038 1277 4104 consilio

68 4155 262 4242 prelatorum
290 4158 322 4218 et
348 4154 494 4217 baronum
522 4153 610 4234 regni
639 4153 750 4224 nostri,
774 4153 812 4216 de
840 4150 1029 4236 plenitudine
1057 4156 1162 4213 nostre
1189 4149 1277 4229 regie

72 4261 259 4342 majestatis,
276 4283 343 4325 cum
362 4261 498 4325 omnibns
516 4261 579 4324 suis
598 4258 787 4331 utilitatibus,
804 4265 835 4322 et
851 4257 1018 4323 attinentiis
1037 4262 1067 4320 et
1085 4255 1279 4340 pertinentiis

72 4369 246 4446 vniuersis,
270 4369 397 4451 pacifice
422 4377 453 4433 et
468 4371 580 4454 quiete.
601 4405 639 4417 -
671 4367 709 4430 Vt
730 4367 823 4447 igitur
849 4367 908 4429 hec
925 4386 941 4428 a
958 4363 1044 4426 nohis
1061 4365 1139 4426 tacta
1158 4361 1278 4424 donatio

71 4479 170 4542 robur
203 4476 339 4540 obtineat
366 4484 516 4560 perpetue
556 4474 721 4546 firmitatis,
761 4494 817 4536 nec
852 4491 997 4556 processu
1026 4475 1194 4554 temporum
1224 4489 1280 4550 per

109 4585 206 4629 Fontes.
224 4582 293 4627 Abth.
311 4583 337 4626 ll.
355 4583 397 4627 Bd.
414 4585 461 4628 XV.
1043 4576 1061 4628 7
