3150 5092
323 323 395 394 lta

318 504 460 582 presente
476 502 610 583 regia-
633 501 740 576 extitit,
758 522 813 586 pro
832 503 909 568 bunu
928 507 959 566 et
978 503 1105 568 utilitate
1119 505 1267 568 communi
1285 509 1316 568 et
1329 504 1496 585 juramento

318 606 472 680 tirmatum,
485 613 515 672 rt
532 609 642 691 regalia
656 614 686 674 et
699 611 895 676 ecclesiarum
908 613 1025 688 iura,ac
1035 612 1174 676 nobilium
1187 612 1284 677 nullus
1293 613 1398 677 audeat
1405 633 1497 678 oocu-

318 737 390 802 pare
401 737 459 782 nec
470 718 539 783 talis
551 738 585 782 se
599 755 641 766 —-
653 718 756 784 lovere
767 719 894 785 invicem
907 723 1014 785 anmlio
1028 728 1059 785 et
1070 722 1194 786 consilio
1200 728 1368 787 teneantur.
1376 721 1497 806 Nosque

316 828 493 891 auctoritate
506 828 552 892 dei
565 827 784 911 omnipotentis,
798 829 837 892 de
851 830 1001 894 voluntate
1012 832 1097 910 regia
1111 836 1142 894 et
1156 830 1311 902 baronum,
1326 832 1497 895 acomnium

316 935 599 1001 nubilinmeteciam
608 934 863 1002 Cuma—eadem
873 943 1115 1022 congregacione
1126 941 1251 1004 maxime
1262 939 1456 1022 Vngarorum,
1466 940 1498 1001 in

317 1063 419 1110 omues
432 1065 485 1110 eos
497 1047 548 1130 qui
560 1047 644 1130 pacis
657 1047 775 1112 fuerant
784 1046 960 1111 turbatores
972 1048 1021 1111 vel
1033 1049 1085 1133 qni
1096 1048 1221 1130 regalia,
1234 1070 1288 1112 seu
1300 1049 1498 1113 ecclesiarum

313 1152 1498 1241 juradeceteropresumserintuccupare‚velde-pacis,etdamnisdatis,scu

314 1264 433 1346 injuriis
442 1265 905 1348 irrogatissatistactionedebita
914 1286 972 1330 non
980 1267 1117 1330 duxerint
1129 1287 1370 1332 occurren—om
1380 1289 1499 1333 excom·

315 1375 493 1440 mnnication
512 1411 556 1424 -
566 1375 625 1438 mia
641 1395 677 1439 ex
693 1413 736 1426 -·
752 1376 888 1442 duximus
903 1396 957 1460 pro
974 1413 1017 1424 --
1033 1411 1077 1424 -
1092 1413 1135 1424 —-
1152 1377 1196 1440 int
1216 1382 1247 1440 et
1266 1378 1422 1442 emendam
1443 1399 1499 1441 seu

317 1485 551 1550 satisfactionem
568 1484 747 1566 condignam
764 1485 902 1550 studeant
917 1484 1070 1549 exhibere.
1095 1486 1158 1550 lloc
1173 1487 1266 1550 eciam
1288 1487 1426 1552 dominus
1447 1507 1502 1550 rex

316 1598 420 1658 noster
431 1595 461 1656 in
473 1596 538 1678 ipsa
552 1596 786 1677 congregatione
801 1593 923 1678 publice
934 1615 988 1658 sno
1001 1595 1164 1659 iuramento
1177 1595 1303 1661 firmavit
1321 1634 1366 1642 —
1379 1615 1499 1660 excom·

316 1704 481 1769 manicatos
494 1724 511 1768 a
523 1703 609 1769 uobis
623 1704 747 1768 euitabit
760 1709 842 1768 et-
853 1705 947 1769 faciet
958 1704 996 1767 ab
1009 1703 1145 1768 omnibus
1158 1705 1264 1769 evitari
1275 1705 1354 1788 quod
1367 1706 1395 1768 si
1409 1705 1500 1768 malu-

314 1834 378 1877 rum
392 1817 422 1878 et
436 1812 592 1878 rebellium
602 1815 785 1897 perversitas
795 1818 903 1876 statum
916 1815 1048 1877 ciuitatis
1060 1833 1217 1886 enervans,
1225 1815 1391 1877 iniunctum
1399 1814 1499 1876 incre·

315 1922 414 1987 buerit
422 1943 528 1988 uersus
539 1919 685 2008 talem(.)
698 1922 1063 1985 —excommunicationis
1079 1922 1357 1986 sentenciam—ad
1375 1922 1498 1986 conuin-

314 2017 440 2096 cendam
452 2030 597 2095 maliciam
605 2031 762 2095 rebellium
775 2051 986 2114 perversorum
999 2038 1030 2094 et
1039 2031 1234 2113 malignorum
1244 2031 1384 2094 dominus
1396 2036 1499 2094 noster

315 2159 367 2202 rex
383 2139 511 2204 barones
528 2159 632 2202 ornnes
650 2139 807 2224 ceterique
823 2138 952 2211 nobiles,
968 2160 1004 2202 ac
1020 2175 1063 2187 -
1080 2139 1118 2202 de
1137 2158 1233 2220 regno
1249 2144 1354 2202 contra
1370 2139 1500 2221 flagitio-

313 2269 364 2314 sus
383 2247 552 2330 hujusmodi
574 2268 628 2311 seu
646 2249 826 2331 pestilentes
843 2250 930 2330 regni
946 2249 1122 2312 unanimiter
1141 2249 1300 2330 insurgere
1319 2245 1501 2310 tenebuntur
1555 2328 1556 2333 ἵ

314 2358 393 2420 sicut
411 2357 485 2420 iuris
509 2393 551 2404 -
569 2356 716 2439 religione
733 2355 791 2420 boc
821 2354 997 2420 -tirmiter
1017 2360 1086 2419 sunt
1111 2356 1237 2420 astricti.
1266 2393 1301 2402 -
1324 2392 1366 2402 -
1391 2356 1498 2419 Totum
1555 2410 1556 2413 ,

315 2485 440 2547 regnum
468 2465 645 2528 auctoritate
663 2466 828 2549 apostolica
850 2485 943 2549 super
963 2465 1021 2528 boc
1036 2470 1161 2549 recepta
1189 2471 1220 2528 et
1235 2471 1348 2536 nostra,
1371 2464 1499 2547 subjici-

315 2574 423 2638 endum
442 2573 650 2638 ecclesiastico
665 2574 836 2648 interdicto,
856 2576 1022 2638 severitate
1036 2573 1136 2637 debita
1155 2574 1314 2637 malefacto
1327 2611 1371 2622 —
1387 2573 1498 2637 coher-

315 2683 410 2747 cendo
423 2683 518 2746 donec
530 2718 574 2729 -
588 2719 632 2730 -
648 2683 819 2746 tisiactione
830 2702 885 2746 seu
898 2681 1023 2746 emenda
1039 2681 1077 2745 ad
1089 2680 1348 2746 reconciliacionis
1363 2683 1499 2763 graciam
1555 2724 1556 2727 κ

292 2878 294 2882 .
314 2796 512 2856 revertantur.
531 2788 604 2854 Cum
618 2792 719 2874 itaque
734 2793 826 2856 Goon
842 2791 920 2855 filins
931 2791 1032 2855 Alardi
1048 2796 1079 2854 et
1094 2811 1148 2853 sue
1161 2809 1305 2874 sequaces
1318 2789 1450 2863 malicie,
1465 2808 1500 2853 ac

313 2897 1500 2984 iniquitatiscomplices,SaxonesparciumTranssiluanarnmeeclesiambeati
1555 2908 1556 2961 J

313 3008 478 3092 blycbaelis
501 3009 706 3074 kathedralem
729 3011 814 3074 rabie
836 3009 991 3096 dyabolica
1017 3009 1131 3072 inducti
1148 3013 1179 3072 et
1202 3006 1308 3091 repleti
1332 3009 1498 3072 enormiter

313 3117 547 3192 combusserint,
564 3119 809 3190 archidiaconos,
836 3120 1010 3190 canonicos,
1038 3116 1211 3182 sacerdotes
1233 3116 1382 3190 clericos,
1406 3120 1439 3180 et
1453 3153 1497 3164 -

315 3246 450 3310 magnam
471 3229 687 3292 multitudinem
716 3229 955 3302 christianorum,
982 3229 1012 3291 in
1036 3228 1150 3299 eadem,
1174 3232 1204 3289 et
1226 3228 1255 3288 iu
1272 3226 1338 3289 aliis
1353 3226 1498 3309 ecclesijs

314 3338 578 3410 concremaverint,
597 3338 732 3422 aliosque
758 3337 1000 3410 innumerabiles,
1019 3337 1196 3420 ubicumque
1224 3337 1355 3400 locorum
1386 3335 1499 3421 depre-

314 3447 424 3511 hensos
441 3447 668 3526 interfecerunt,
684 3448 842 3532 reliquias,
867 3467 986 3520 cruces,
1011 3446 1138 3518 calices,
1160 3446 1329 3509 indumenta
1351 3447 1497 3512 sacerdo·

313 3555 395 3628 talia,
411 3561 443 3618 et
459 3556 555 3619 omnia
574 3562 746 3621 ornamenta
760 3557 954 3620 ecclesiarum
967 3575 1034 3619 curn
1047 3554 1143 3627 libris,
1156 3575 1191 3618 ac
1207 3554 1273 3619 aliis
1284 3552 1376 3617 rebus
1387 3557 1496 3629 sacris,
1549 3540 1554 3546 ⁴

314 3684 370 3729 nec
397 3685 455 3728 non
486 3664 628 3730 thesauro
652 3665 783 3730 ecclesie
816 3669 978 3728 memorate
1008 3663 1178 3747 rapuerint,
1210 3664 1239 3725 in
1261 3684 1393 3749 ususque
1422 3686 1496 3729 suos

313 3774 564 3839 immundissimus
586 3777 806 3858 usurpaverint,
835 3780 867 3838 et
889 3775 958 3839 ideo
980 3773 1159 3838 sententiam
1181 3774 1494 3839 excommunicationis

314 3884 475 3950 inciderint
490 3885 555 3969 ipso
572 3886 661 3957 facto,
679 3885 873 3949 devociouem
896 3883 1101 3949 universitatis
1126 3887 1229 3946 vestre
1249 3887 1354 3946 tenore
1369 3903 1497 3966 presen-

313 3994 392 4060 cium
408 4014 559 4058 monemus
574 3995 604 4057 in
621 3995 738 4060 domino
755 3999 786 4057 et
801 4000 943 4068 ortamur,
960 3997 1108 4078 quatenus
1130 3991 1240 4056 dictum
1256 3990 1351 4064 Gaan,
1375 3996 1408 4056 et
1422 4014 1495 4058 suos

313 4103 412 4166 socios
430 4093 472 4150 -'-
490 4101 690 4168 maleficorum
711 4104 876 4188 participes
900 4102 1136 4186 prescriptorum
1164 4105 1301 4195 tanquam
1325 4120 1496 4167 excommu-

312 4212 427 4275 nicatos
452 4213 564 4276 evitare
586 4212 734 4283 debeatis,
758 4211 904 4276 iacientes
921 4212 1017 4276 eciam
1034 4229 1087 4273 eos
1103 4208 1140 4274 ab
1156 4208 1294 4271 omnibns
1309 4210 1409 4273 arcius
1426 4211 1494 4274 eni·

311 4321 378 4384 tari.
402 4320 465 4384 Nos
482 4323 559 4384 enirn
577 4342 629 4385 eos
645 4322 822 4387 auctoritate
838 4321 1052 4404 omnipotentis
1068 4320 1118 4383 dei
1144 4318 1356 4382 denunciamus
1371 4338 1494 4383 excom-

311 4428 485 4501 municatos,
499 4427 594 4492 donec
607 4430 645 4493 de
657 4431 723 4513 ipsa
736 4429 850 4492 enormi
869 4428 1073 4494 combustione
1085 4425 1293 4498 ecclesiarum,
1308 4425 1348 4489 de
1358 4427 1493 4511 dampnis

312 4542 342 4600 et
363 4535 479 4618 injuriis
494 4537 584 4602 illatis
600 4539 833 4604 satisfactionem
849 4536 1020 4623 impendant
1035 4536 1231 4603 omnimodam
1248 4541 1279 4597 et
1299 4533 1494 4599 absolutionis
