3150 5092
313 325 364 396 od

311 499 501 566 laudabiliter
522 499 752 583 impendissent,
778 519 832 564 nos
855 500 894 565 oh
916 499 1020 563 merita
1041 499 1231 563 seruitiorum
1247 517 1370 561 suorum
1386 499 1515 560 contu-

311 610 397 675 limus
424 611 521 674 eidem
549 610 624 673 'l'eel
655 629 711 693 per
742 629 776 672 se
797 608 953 693 quamdam
981 613 1090 673 terram
1111 629 1165 672 seu
1185 607 1287 672 villam
1302 604 1514 690 llerbordi1)

312 721 474 805 woproda,
497 719 640 784 videlicet
662 721 740 782 inter
763 718 838 782 dnos
855 719 961 783 fluuios
977 719 1122 795 Kuhullu,
1146 719 1195 783 rbi
1209 719 1302 783 iidem
1320 717 1411 781 tluuii
1432 737 1515 780 con-

308 828 481 912 junguntur,
511 827 713 909 adjacentem
742 832 772 892 ct
798 827 921 891 alteram
944 826 1101 913 quamdam
1123 836 1244 899 terram,
1266 823 1512 908 Zanchateluhy
1565 827 1567 906 l

310 944 455 1010 vocatam,
473 937 599 1001 vicinam
616 957 671 1000 seu
687 938 855 1018 contiguam
872 941 954 1000 terre
969 956 1024 999 seu
1039 935 1109 1000 ville
1125 936 1318 1019 supradictc;
1334 933 1394 997 sed
1413 941 1509 1017 post·
1565 932 1567 967 '

311 1044 429 1110 modum
446 1045 524 1109 idem
540 1046 615 1109 'leel
635 1045 731 1109 dictas
744 1049 842 1109 terras
859 1065 895 1108 ex
911 1049 1014 1108 nostra
1029 1045 1237 1129 permissione,
1259 1063 1314 1108 seu
1330 1043 1508 1113 voluntate,

309 1153 430 1239 reliquit
457 1158 488 1218 et
514 1153 648 1218 vendidit
675 1153 771 1217 eidem
799 1151 894 1236 Chyel
910 1153 1021 1226 comiti,
1050 1156 1178 1235 cognato
1200 1173 1265 1224 suo,
1290 1149 1503 1234 possidendas

310 1262 398 1346 pleno
418 1262 497 1345 jure.
527 1263 588 1326 Nos
605 1263 697 1344 igitur
713 1263 911 1327 consideratis
934 1262 1096 1326 meritoriis
1120 1261 1255 1326 seruitiis
1282 1261 1380 1343 ipsius
1401 1257 1498 1342 Chpel

310 1372 426 1436 comitis
442 1371 595 1457 predictas
608 1379 704 1437 terras
719 1376 779 1436 tum
797 1392 852 1455 pro
868 1390 915 1445 eo,
931 1372 1012 1454 quod
1028 1369 1149 1434 easdem
1165 1369 1263 1434 dictus
1279 1367 1376 1454 Chyel
1395 1385 1501 1432 comcs

311 1499 348 1544 ex
363 1486 465 1545 nostra
481 1481 680 1565 permissione
693 1478 729 1544 ab
746 1480 851 1544 eodem
867 1480 941 1542 'l'eel
953 1479 1187 1562 dignoscebatur
1208 1497 1415 1563 comparasse,
1440 1479 1504 1539 tum

311 1591 398 1655 ctiam
415 1612 469 1675 pro
487 1611 532 1663 eo,
550 1589 627 1676 quod
646 1590 767 1654 easdem
779 1596 878 1654 terras
894 1595 925 1652 et
940 1610 995 1672 pro
1010 1589 1143 1652 servitiis
1159 1585 1359 1672 ipsiusChpel
1376 1583 1506 1648 comitis

311 1700 427 1783 prelato
444 1699 519 1764 'leel
537 1700 771 1769 contuleramus,
790 1700 868 1763 sicut
885 1699 1024 1782 superius
1042 1702 1090 1760 est
1106 1715 1294 1780 expressum,
1317 1694 1504 1778 reliquimus

311 1813 342 1871 et
370 1808 533 1872 dimisimus
562 1809 660 1872 eidem
690 1808 784 1894 Chyel
815 1808 916 1871 comiti
943 1814 973 1871 et
1002 1808 1065 1870 suis
1087 1806 1263 1877 heredibus,
1286 1803 1507 1886 heredumque

313 1936 433 1980 snorum
460 1918 688 1982 successoribus
716 1924 859 2002 perpetuo
888 1915 1102 1999 possidendas,
1128 1916 1193 1978 sine
1215 1914 1291 1993 juris
1324 1911 1505 1997 prejudicio

311 2024 409 2095 alieni,
427 2044 492 2088 cum
509 2025 697 2108 pertinentiis
714 2032 744 2088 et
759 2025 934 2088 utilitatibus
950 2025 1014 2087 suis
1036 2044 1072 2087 ac
1087 2020 1143 2085 sub
1160 2021 1276 2084 eisdem
1293 2019 1457 2084 veteribus
1476 2025 1508 2082 et

312 2132 442 2216 antiquis
469 2134 566 2205 metis,
595 2133 651 2196 suh
673 2132 780 2217 quihus
803 2133 840 2197 he
864 2133 970 2197 eedem
986 2139 1070 2195 terre
1087 2131 1265 2213 deguerunt.
1290 2129 1322 2191 ln
1346 2127 1439 2210 cujus
1456 2128 1506 2190 rei
1566 2152 1567 2182 z

311 2240 490 2312 memoriam,
507 2241 735 2327 firmitatemque
761 2247 947 2326 perpetuam,
975 2244 1134 2324 presentes
1163 2239 1259 2301 eidem
1275 2237 1370 2321 Chyel
1392 2235 1508 2298 comiti
1565 2189 1567 2331 i

205 2391 208 2398 ·
313 2349 519 2413 concessimus
536 2348 653 2414 litteras
667 2349 814 2434 dupplicis
827 2351 919 2432 sigilli
928 2351 1025 2413 nostri
1034 2347 1195 2411 munimine
1203 2345 1369 2410 roboratas.
1385 2343 1505 2407 Datum
1566 2336 1567 2364 ³

310 2477 365 2540 per
382 2478 483 2522 manus
511 2458 647 2540 magistri
676 2458 845 2531 Benedicti,
875 2457 1023 2543 prepositi
1045 2455 1223 2520 Orodiensis
1247 2453 1396 2523 ecclesie,
1431 2452 1506 2516 aule

314 2575 418 2631 nostre
433 2568 707 2646 vioe-cancellarii,
731 2568 834 2633 dilecti
849 2575 880 2632 et
895 2569 993 2634 tidelis
1009 2568 1114 2631 nostri.
1138 2568 1222 2629 Anno
1238 2563 1275 2627 ab
1291 2565 1508 2628 incarnatione

311 2675 422 2740 domini
438 2675 597 2740 thCLXX
613 2677 718 2759 primo,
736 2679 823 2759 regni
840 2683 937 2742 autem
952 2679 1047 2742 nostri
1062 2698 1139 2741 anno
1160 2677 1304 2748 secundo.
1566 2675 1567 2678 ’

849 2920 958 2990 xolx.

720 3073 805 3133 rara,
825 3074 1086 3145 weissenburg.

402 3201 464 3265 Nos
481 3200 617 3264 ldatheus
634 3200 789 3287 voyauoda
805 3201 1019 3266 Transiluanus
1037 3221 1139 3266 comes
1156 3201 1195 3264 de
1210 3198 1335 3262 Zounuh
1354 3198 1507 3262 memorie

312 3309 552 3373 commendantes
568 3315 671 3374 tenore
687 3312 878 3395 presencium
895 3310 1098 3394 significamus
1114 3310 1277 3380 uniuersis,
1290 3306 1370 3390 quod
1386 3312 1504 3370 terram

314 3416 468 3502 obrosio)
487 3426 637 3493 vocatam,
655 3438 711 3504 que
729 3423 776 3482 est
792 3421 848 3482 sita
860 3417 943 3498 juxta
960 3416 1067 3505 Onpoy
1082 3425 1212 3490 terram,
1227 3415 1350 3498 capituli
1365 3415 1506 3478 ecclesie

312 3525 394 3589 beati
411 3524 568 3590 Michaelis
584 3523 709 3590 illustris
726 3526 899 3610 Stephanus
911 3548 964 3591 rex
981 3527 1113 3610 Vagarie
1130 3526 1266 3590 dominus
1292 3529 1397 3587 noster
1411 3529 1507 3587 natu·

311 3633 393 3705 ralis,
410 3634 497 3698 nobis
515 3633 679 3697 scientibus
697 3634 910 3699 stridentibus
928 3636 1082 3699 collationi
1103 3637 1190 3719 regie
1212 3654 1269 3718 per
1288 3632 1383 3695 omnia
1399 3632 1503 3714 perti-

311 3747 432 3804 nentem
447 3741 572 3806 contulit
589 3745 619 3804 et
634 3741 718 3807 dedit
734 3751 764 3807 et
779 3743 899 3807 donavit
915 3745 1102 3829 episcopatui
1119 3749 1150 3809 et
1166 3740 1297 3827 capitulo
1313 3760 1349 3804 ac
1365 3739 1506 3803 ecclesie

310 3847 393 3912 beati
415 3849 571 3914 Michaelis
585 3850 653 3931 jure
675 3857 821 3936 perpetuo
843 3858 874 3915 et
894 3853 1137 3917 irrevocabiliter
1152 3848 1381 3935 possidendam,
1407 3867 1501 3931 quam

311 3956 447 4040 primitus
475 3977 510 4020 ex
538 3957 703 4022 donacione
725 3961 810 4042 regia
830 3961 903 4024 Yula
931 3962 1057 4025 condam
1079 3961 1172 4024 banus
1194 3979 1289 4045 usque
1312 3957 1350 4020 ad
1372 3962 1502 4020 mortem

312 4084 406 4134 suam,
424 4069 456 4128 et
471 4066 589 4129 demum
606 4065 773 4130 Zubualaus
788 4066 907 4131 Siculus
928 4070 1102 4133 successive
1123 4067 1303 4153 possederat
1324 4063 1455 4149 pacifice
1472 4071 1504 4129 et

312 4172 423 4258 quiete.
455 4172 519 4255 Que
547 4179 629 4236 terra
656 4193 756 4238 coram
782 4177 953 4239 testimonio
978 4176 1097 4240 abbatis
1122 4178 1161 4240 de
1187 4175 1303 4246 hereb,
1327 4179 1358 4237 et
1379 4171 1501 4237 Andrea

306 4360 628 4370 Μ

345 4476 369 4534 ¹)
388 4478 520 4521 Balaslalva.

343 4555 369 4617 2)
387 4552 545 4612 Abrudhdnya.
