3150 5092
16 1871 22 1997 .

16 2133 23 2340 ÷

17 2463 23 2609 l

642 605 765 678 CLXII.

365 740 445 803 1291,
463 740 508 796 ³0.
526 741 632 798 Idnner.
651 744 861 816 Phlepsdorl
878 742 1042 816 (diripis).

202 853 338 917 Andreas
354 853 411 918 Dei
425 854 521 937 gratia
537 873 590 918 rex
605 857 763 939 Hungarie
781 856 921 921 ddebbus
932 858 994 921 suis
1010 853 1138 938 capitulo
1151 849 1289 915 dlbensis

111 962 245 1026 ecclesie
259 962 464 1048 Transylvane
480 963 604 1028 salutern
620 969 651 1029 et
665 969 800 1049 gratiam.
813 965 925 1030 -Comes
936 963 1108 1050 Dyooioo’us
1119 962 1197 1025 lilius
1210 959 1293 1046 pala·

109 1054 167 1135 tini
180 1071 327 1156 quandam
339 1073 562 1155 possessiouem
574 1073 720 1162 Lupaa1)
734 1078 878 1146 vocatam,
890 1073 1004 1138 anobis
1020 1072 1127 1157 petivit
1141 1071 1199 1135 sibi
1216 1069 1292 1140 dari.

112 1201 220 1246 uerum
251 1181 319 1265 opuia
346 1180 385 1244 de
405 1182 520 1264 prefata
537 1185 729 1266 possessione
748 1183 860 1248 ueritas
877 1182 962 1246 nobis
977 1199 1036 1244 non
1052 1184 1178 1253 constat,
1193 1184 1291 1244 utrum

111 1291 149 1355 ad
169 1294 302 1354 nostram
318 1291 450 1374 pertinet
466 1290 662 1365 collationem,
680 1297 729 1357 aut
744 1313 814 1362 non,
831 1290 966 1355 fidelitati
981 1294 1083 1355 vestre
1104 1288 1286 1363 mandamus,

111 1398 321 1484 precipiendo,
344 1403 489 1482 quatenus
515 1398 640 1464 mittatis
661 1399 809 1465 bominem
824 1405 957 1465 uestrum
977 1419 1032 1484 pro
1047 1398 1218 1465 tesdmonio
1233 1395 1293 1460 lide

112 1505 250 1590 dignum,
268 1525 368 1571 eoram
380 1527 437 1592 quo
454 1507 614 1572 Damianos
631 1509 759 1593 Mag-nus
773 1511 861 1574 bomo
878 1513 990 1581 noster,
1007 1508 1178 1574 convocatis
1191 1525 1295 1572 eonne-

110 1616 211 1680 taneis
237 1618 267 1678 et
286 1616 410 1689 uicinis,
433 1616 599 1682 reambulet
622 1620 716 1702 ipsam
732 1617 974 1702 possessionem,
997 1621 1028 1682 et
1043 1619 1069 1682 si
1084 1617 1114 1681 in
1129 1615 1291 1682 medietate

112 1724 152 1790 ad
166 1728 298 1790 nostram
314 1725 463 1790 inueniret
478 1726 631 1809 pertinere
652 1725 840 1791 donationem
864 1747 919 1790 seu
936 1725 1135 1803 collationem,
1153 1725 1222 1790 etsi
1237 1743 1296 1787 non

112 1835 208 1899 suerit
224 1833 451 1907 contradictum,
469 1839 579 1898 statuat
589 1835 694 1899 *comiti
710 1836 854 1920 Dyonisio
869 1841 1043 1908 memorato,
1060 1833 1297 1901 contradictores

112 1949 227 2016 autem
244 1943 334 2030 siqui
348 1944 459 2007 luerint
476 1943 513 2009 ad
528 1949 661 2009 nostram
673 1946 745 2010 citet
756 1944 939 2032 presentiam
954 1948 984 2009 et
998 1945 1155 2010 terquum
1170 1963 1296 2027 compe·

113 2058 240 2118 tentem.
262 2053 303 2116 Et
329 2057 397 2138 post
423 2053 480 2117 hec
507 2053 586 2118 diem
610 2053 776 2127 citationis,
806 2060 837 2119 et
856 2055 1013 2119 terminum
1039 2054 1224 2136 assignatum
1247 2055 1298 2116 aut

114 2161 238 2226 nomina
259 2162 425 2235 citatorum,
450 2163 622 2246 qualitatem
649 2167 681 2226 et
702 2163 894 2246 quantitatem
916 2164 997 2228 dicte
1012 2160 1214 2248 possessionis
1230 2180 1297 2224 eum

114 2271 197 2336 serie
229 2272 321 2336 totius
353 2269 438 2334 nobis
465 2269 596 2336 fideliter
624 2271 808 2336 rescribatis.
840 2273 946 2338 Datum
972 2273 1003 2336 in
1030 2267 1193 2356 Puitpuse)
1221 2269 1297 2333 feria

113 2378 253 2445 secunda
268 2379 400 2462 proxima
416 2385 484 2446 ante
500 2379 737 2466 purificationem
752 2380 878 2466 uirginis
894 2381 1038 2466 gloriose.

639 2585 775 2658 CLXIII.

564 2740 645 2806 1291,
666 2743 710 2798 10.
732 2743 857 2798 Februar.

209 2866 342 2931 Andreas
370 2869 426 2932 Dei
452 2869 549 2952 gratia
580 2867 714 2952 Ungarie
738 2907 781 2919 -
803 2909 848 2919 —
872 2907 914 2920 —
938 2906 982 2918 —
1002 2891 1065 2936 rex.
1086 2907 1130 2919 -
1154 2868 1297 2936 Omnibus

17 2994 21 3007 '
115 2976 234 3041 Christi
266 2975 403 3041 fidelibus
427 2973 585 3062 presentes
602 2978 717 3044 litteras
733 2980 932 3064 inspecturis,
960 2981 1084 3046 salutem
1113 2977 1143 3042 in
1171 2981 1296 3044 omnium

16 3079 20 3156 ,³
115 3092 279 3156 salvatore.
303 3087 428 3154 Provida
451 3090 600 3154 hominum
629 3087 771 3154 discredo
788 3089 947 3162 adinvenit,
971 3094 1005 3154 ut
1020 3109 1065 3161 ea,
1083 3105 1141 3174 quo
1157 3093 1295 3170 aguntur,

114 3203 300 3268 tractantur,
328 3199 537 3272 conferuntur,
566 3204 616 3264 aut
643 3199 804 3271 donantur,
825 3198 991 3262 litterarum
1013 3196 1183 3261 testimonio
1206 3197 1298 3260 robo-

116 3311 236 3372 rentur.
274 3307 469 3373 Proindead
496 3309 698 3373 universorum
723 3312 781 3370 tam
810 3309 994 3392 presentium
1021 3327 1105 3392 quam
1133 3309 1297 3370 lbturorum

117 3416 256 3483 notitiam
278 3417 381 3481 barum
407 3417 486 3480 serie
508 3416 639 3482 volumus
656 3415 832 3501 pervenire:
849 3415 928 3500 quod
946 3418 1027 3482 cives
1048 3417 1142 3480 nostri
1159 3415 1198 3479 de
1212 3417 1297 3500 Bpo-

115 3527 233 3592 turcae
255 3526 291 3588 ad
314 3531 446 3590 nostram
467 3525 647 3590 accedentes
662 3525 844 3610 presentiam
867 3525 1054 3589 exhibuerint
1071 3524 1155 3588 nobis
1171 3523 1296 3608 privile·

114 3636 198 3717 mum
227 3633 336 3699 donnini
364 3632 511 3708 Ladislai,
536 3633 662 3697 illustris
684 3634 767 3715 regis
794 3633 925 3718 Ungarie
946 3671 990 3681 -
1005 3671 1049 3682 —
1069 3671 1108 3681 -
1126 3671 1170 3681 -
1191 3633 1293 3696 fratris

113 3744 213 3809 nostri
245 3743 469 3808 elementissimi
493 3742 592 3807 felicis
619 3742 856 3816 recordacionis,
885 3744 1054 3808 consectum
1071 3763 1163 3828 super
1179 3741 1294 3805 relaxa·

113 3855 204 3919 oione
233 3851 354 3916 duarum
381 3851 508 3936 partium
531 3850 635 3916 tributi
652 3853 689 3916 de
705 3851 883 3936 Byzturehe,
905 3857 1043 3936 petentes
1060 3873 1126 3917 oum
1142 3851 1293 3924 instantia,

14 3951 16 4020 l
113 3968 145 4026 ut
162 3999 208 4010 —
225 3997 268 4008 -
284 3961 418 4044 ipsorum
434 3960 610 4044 approbare.
633 3960 784 4026 notificare
808 3966 972 4047 nostroque
988 3961 1179 4044 dignaremur
1202 3959 1296 4044 privi-

14 4121 16 4150 2
112 4071 207 4154 legio,
231 4069 269 4134 de
288 4070 474 4149 benignitate
495 4071 579 4150 regia
603 4070 797 4145 confirmare,
820 4071 905 4153 cujus
921 4076 1010 4134 tenor
1024 4070 1091 4134 talis
1109 4077 1172 4134 est:
1192 4068 1297 4132 Ladis·

14 4257 16 4278 p
117 4180 186 4245 laus
203 4182 262 4243 eto.
289 4179 399 4266 (Siebe
415 4179 487 4244 Uri.
505 4177 622 4264 CLIII.)

146 4486 173 4548 1)
189 4488 260 4532 Terra
276 4487 359 4545 Lupus,
376 4487 399 4532 In
416 4487 458 4532 der
471 4487 663 4534 Inuersnolnolrer
680 4485 855 4544 Gespansobatt.
902 4464 904 4468 ὗ

144 4565 171 4628 ²)
188 4567 312 4613 Vielloioht
327 4569 421 4627 Fibulo,
437 4569 462 4614 in
478 4568 520 4614 der
536 4568 708 4628 thorenburger
725 4567 902 4627 Gespansobalt
