3150 5092
321 341 395 414 1²0

317 519 442 584 eundern
459 523 679 607 tunetemporis
695 543 789 606 penes
806 545 860 590 nos
876 526 982 590 relicto
994 546 1049 610 pro
1061 527 1149 590 iustis
1162 525 1368 610 expediendis.
1386 526 1493 590 Datum
1557 550 1558 597 υ

314 627 345 692 iu
359 626 428 694 villa
451 627 536 704 (laid,
561 630 591 694 in
614 631 691 695 testo
711 633 906 716 apparitionis
932 633 982 719 (t)
997 637 1094 700 sancti
1118 634 1281 718 htychaelis
1309 632 1492 717 archangeli.
1557 718 1558 733 3

316 737 399 800 Anno
425 738 534 803 domini
557 737 686 803 bl⁰.CC⁰.
711 743 907 823 nonagesimo
924 746 1030 826 primo.

824 928 987 1000 CLXXIII.

785 1065 854 1124 12⁰¹
863 1105 873 1132 ,
890 1067 934 1122 dl.
953 1067 1012 1122 usi.

401 1171 462 1238 Nos
477 1174 636 1259 capitulum
652 1176 784 1242 ecclesie
798 1177 880 1242 boati
895 1177 1050 1243 illcbaelis
1070 1176 1244 1259 archangeli
1258 1176 1488 1252 Transsilnane,

314 1281 416 1346 damus
432 1303 486 1367 pro
500 1286 647 1349 memoria.
667 1285 750 1368 Quod
763 1286 929 1351 venerabili
940 1291 1026 1370 patre
1037 1284 1155 1352 domino
1166 1287 1200 1349 P.
1214 1285 1360 1370 episcopo
1376 1287 1492 1370 prelato

315 1397 417 1456 nostro
434 1412 449 1454 a
465 1398 550 1476 parte
565 1413 630 1466 vua,
647 1394 768 1480 Spirido
785 1395 824 1458 de
839 1394 976 1467 Cralxow,
992 1394 1108 1459 lacobo
1124 1394 1257 1465 Albensi,
1275 1393 1439 1460 -Herbordo
1456 1396 1493 1461 de

314 1501 432 1578 VrboW,
449 1507 479 1566 et
495 1501 576 1568 bene
592 1501 630 1566 de
647 1503 761 1567 Kclnulr
778 1504 985 1589 carpentarijs,
1011 1503 1238 1586 presencialiter
1259 1504 1433 1568 constitutis
1457 1525 1492 1568 ex

313 1609 513 1692 altera,ijdem
530 1611 720 1694 carpentarij,
733 1632 800 1678 cum
814 1615 882 1695 ipae
894 1611 1058 1676 venerabili
1075 1619 1162 1695 patre
1177 1632 1268 1695 super
1287 1613 1374 1676 totali
1394 1611 1492 1696 ligneo

312 1739 420 1802 opere,
448 1741 502 1784 seu
525 1726 696 1803 tegumento
711 1720 872 1785 hntedralis
887 1722 1019 1786 ecclesie
1039 1721 1118 1784 beati
1141 1721 1492 1806 michaelisarchangeli

313 1828 449 1892 lecerunt
464 1833 584 1911 pactum
599 1829 659 1892 tale
674 1850 774 1894 coram
790 1830 886 1894 uobis.
905 1829 990 1911 Quod
1008 1829 1128 1894 seilicet
1139 1835 1263 1913 propter
1279 1838 1402 1904 tectum,
1415 1831 1492 1915 quod

314 1937 405 2002 debet
425 1938 537 2002 eleuari
558 1959 651 2022 ευμεν
671 1939 765 2004 altare
795 1941 883 2004 beate
913 1939 1038 2021 virginis
1070 1946 1101 2002 et
1129 1939 1226 2002 ultam
1257 1941 1435 2006 existentem
1465 1943 1494 2005 in

312 2047 357 2110 ala
383 2047 453 2111 ulte
475 2048 570 2130 ipsius
591 2048 692 2112 altaris
714 2047 803 2113 beate
824 2050 949 2130 virginis
970 2050 1119 2129 contigua.
1144 2046 1217 2112 Item
1239 2055 1364 2133 propter
1383 2057 1493 2116 tectum

313 2155 414 2220 altaris
430 2156 509 2220 beati
530 2157 684 2228 Iohannis,
705 2157 835 2243 baptiste
857 2158 1006 2221 eteniam
1028 2156 1165 2222 sacristie
1190 2177 1243 2221 seu
1264 2175 1395 2220 camere.
1420 2158 1492 2222 Item

311 2271 436 2348 propter
450 2269 572 2338 tectum,
589 2266 666 2352 quod
684 2287 754 2331 esse
769 2265 861 2330 debet
875 2286 968 2350 snper
983 2264 1078 2328 altare
1093 2265 1174 2329 beati
1190 2265 1270 2328 Petri
1292 2267 1421 2351 apostoli
1438 2286 1492 2330 oce

313 2393 370 2436 non
386 2380 508 2459 propter
523 2380 648 2447 tectum,
660 2377 738 2460 quod
756 2377 847 2441 debet
865 2373 931 2438 lieri
948 2394 1040 2458 ευμεν
1056 2376 1131 2438 alam
1146 2375 1241 2458 ipsius
1257 2376 1391 2439 ecclesie
1414 2375 1491 2439 beati

313 2481 466 2546 Michaelis
483 2483 520 2546 ab
538 2484 675 2567 aquilone
691 2482 886 2567 adjacentem,
904 2485 989 2548 ultas
1006 2502 1108 2546 omnes
1124 2483 1307 2566 superiores.
1330 2489 1362 2546 et
1385 2504 1492 2567 recep·

310 2591 408 2656 tacula
422 2593 517 2655 omnia
534 2593 711 2677 incipientes
725 2593 762 2657 ab
777 2595 902 2665 oriente,
920 2612 1014 2676 usque
1032 2592 1149 2655 tinalem
1166 2592 1264 2654 ultam
1281 2591 1319 2654 ab
1335 2593 1492 2656 occidente

310 2721 401 2784 super·
418 2721 555 2783 maguum
571 2702 709 2775 bostium,
728 2702 885 2774 elevatam,
908 2723 943 2766 ae
964 2723 981 2764 a
997 2705 1190 2784 supremitate
1205 2701 1300 2782 ipsius
1316 2702 1387 2777 ulte,
1404 2703 1492 2766 deor·

304 2803 386 2882 sum,
404 2811 482 2874 sicut
497 2811 581 2894 prius
598 2811 704 2884 luerat,
721 2831 817 2894 usque
833 2812 961 2875 bostium
983 2817 1185 2874 memoratum.
1216 2811 1288 2872 Item
1311 2810 1491 2894 incipientes

311 2919 350 2982 de
377 2939 507 2983 cornua
535 2920 661 2984 meridie
687 2941 777 3004 super
803 2940 939 3004 magnam
963 2922 1125 2983 fenestram
1147 2918 1280 2990 eleuata,
1303 2938 1399 3004 usque
1415 2919 1490 2983 aliud

310 3047 402 3093 corun
420 3030 560 3100 ecclesie,
578 3029 614 3092 ab
632 3030 767 3113 aquilone
785 3029 948 3099 eleuatnm,
973 3029 1060 3093 ultas
1085 3049 1122 3091 ex
1148 3034 1274 3110 utraque
1295 3032 1383 3110 parte
1400 3029 1489 3090 turris

309 3138 417 3211 medie,
435 3143 536 3202 erecte
553 3157 644 3220 super
661 3137 758 3201 ultam
781 3137 955 3210 existentes,
972 3159 1008 3202 ac
1025 3139 1120 3202 eciam
1136 3140 1232 3221 ipsam
1247 3137 1354 3199 turrim
1369 3157 1490 3220 repara·

310 3245 392 3318 bunt,
406 3252 437 3310 et
451 3251 556 3327 tegent
571 3247 649 3310 sicut
659 3247 744 3331 prius
760 3248 870 3323 fuerat,
886 3267 940 3331 pro
957 3247 1119 3328 nonaginta
1135 3246 1242 3308 marcis
1258 3245 1288 3308 iu
1305 3243 1449 3328 denarijs,
1460 3249 1490 3308 et

310 3360 434 3437 argento
457 3364 528 3420 tunc
550 3356 747 3429 currentibus,
775 3354 825 3419 uel
845 3356 875 3418 in
900 3354 966 3436 alijs
983 3357 1073 3420 rebus
1089 3355 1325 3438 quibuscunque,
1342 3354 1488 3437 condigne

310 3463 459 3526 dumtaxat
474 3465 619 3527 estimatis
636 3471 666 3528 et
682 3465 787 3546 viginti
803 3468 929 3548 quatuor
941 3465 1038 3528 uuluis
1054 3463 1093 3526 de
1109 3481 1206 3546 panno
1216 3461 1310 3532 dorni,
1323 3482 1382 3544 per
1396 3465 1487 3547 ipsum

309 3573 456 3638 dominnm
473 3573 647 3656 episcopum
663 3573 776 3654 ejsdem
793 3573 1000 3657 carpentariis,
1018 3571 1180 3638 secundum
1197 3571 1316 3634 modurn
1334 3570 1487 3655 subscrip·

310 3690 369 3746 tum
398 3681 502 3744 dandis
527 3686 557 3744 et
580 3681 741 3752 solvendis,
764 3681 921 3746 duodecim
943 3681 1063 3746 scilicet
1086 3699 1201 3743 marcas
1223 3677 1322 3742 solvet
1343 3679 1401 3753 eis,
1424 3700 1485 3744 curu

313 3791 404 3872 ijdem
428 3791 607 3873 carpentarii
630 3792 733 3855 silvam
757 3790 923 3861 intrabunt,
945 3792 1107 3874 imprImis,
1128 3807 1184 3871 pro
1200 3785 1335 3850 trabibus
1355 3793 1389 3851 et
1403 3789 1488 3871 tignis

311 3897 495 3971 excidendis,
513 3897 620 3982 quibus
637 3899 672 3962 ad
689 3899 850 3964 ecclesiam
862 3899 1081 3983 transportatis,
1093 3915 1161 3963 cum
1176 3897 1208 3959 iu
1219 3895 1324 3959 silvam
1339 3896 1485 3966 redibunt,

311 4027 365 4093 pro
383 4007 523 4071 secandis
545 4007 708 4079 asseribus,
736 4007 820 4071 dabit
836 4010 880 4071 cis
896 4007 1054 4072 duodecim
1070 4026 1184 4070 marcas
1200 4006 1320 4076 iterato,
1343 4010 1415 4087 post
1433 4005 1485 4068 hcc

310 4116 446 4179 similiter
469 4114 626 4180 duodecim
654 4137 768 4181 marcas
793 4115 874 4180 dabit
901 4136 968 4180 auru
990 4116 1134 4179 elevatum
1161 4118 1193 4175 et
1213 4114 1381 4196 perfectum
1403 4112 1483 4177 fuerit

309 4245 384 4309 opus
410 4225 494 4294 tenti,
521 4223 600 4307 quod
628 4246 697 4289 esse
719 4225 826 4296 debet,
850 4245 941 4309 super
968 4245 1105 4307 magnum
1129 4223 1236 4294 altare,
1262 4241 1356 4304 usque
1382 4221 1479 4286 dictan

309 4333 436 4397 mediam
460 4333 579 4406 turrim,
604 4333 689 4398 sitam
713 4353 806 4416 super
829 4333 937 4399 wltam.
959 4335 1032 4398 Item
1059 4353 1126 4397 cum
1152 4331 1247 4414 ipsam
1272 4332 1377 4393 turrim
1405 4330 1480 4396 modo

309 4443 409 4506 debito
426 4441 614 4525 reparabunt,
631 4448 662 4504 et
678 4444 862 4526 cooperient,
887 4443 932 4506 eis
956 4443 1092 4506 similiter
1113 4438 1270 4506 duodecim
1293 4458 1396 4503 marce
1418 4459 1480 4522 μεν-

307 4549 467 4616 solventur.
511 4549 581 4616 Item
615 4549 682 4614 dum
710 4550 808 4614 ultam
836 4551 872 4614 ab
896 4553 960 4634 ipsa
989 4551 1063 4614 turri
1096 4567 1191 4632 usque
1227 4567 1321 4610 cornu
1355 4547 1480 4612 dextrum

1556 456 1558 500 l

1557 508 1558 541 ν
