3150 5092
309 346 384 416 106

304 541 380 584 anuo
396 526 519 606 quarto,
542 520 765 585 venerabilibus
787 519 923 602 patribus
950 519 1105 602 Stephano
1124 515 1293 587 colocensi,
1311 524 1343 578 et
1357 516 1501 578 dobanne

303 628 475 712 spalatensi
497 629 752 712 archiepiscopis:
780 628 902 692 Andrea
928 627 1083 708 dgriensi,
1106 624 1255 705 Gregorio
1280 622 1500 691 Chanadiensi‚

301 735 361 800 lob
377 735 710 822 Quinqueccclesiensi‚
727 736 867 819 Philippo
885 735 1041 800 Wacieusi
1057 736 1126 799 aule
1139 734 1257 796 domine
1274 733 1382 814 regine
1399 730 1498 794 karis-

303 846 378 908 sime
407 845 557 908 consortis
584 851 688 908 nostre
716 842 916 916 cancellario,
948 838 1086 906 'limoteo
1110 841 1323 923 Zagrabicnsi,
1352 839 1501 923 Dyonisio

304 951 482 1024 lauriensi,
523 953 702 1016 bodomario
741 952 932 1016 waradiensi
964 957 995 1015 et
1027 950 1120 1015 Petro
1151 953 1308 1034 prenotato
1339 945 1501 1012 Traussil·

302 1079 387 1132 uano,
419 1061 584 1144 episcopis,
610 1062 698 1124 Petro
723 1059 824 1124 electo
847 1059 1096 1144 Wesprimiensi,
1119 1059 1267 1123 eeclesias
1289 1058 1340 1120 dei
1365 1056 1500 1119 feliciter

302 1167 555 1248 gubernantibus:
574 1169 661 1232 Petro
678 1169 820 1251 palatino,
839 1169 949 1231 comite
964 1169 1162 1251 Supronieusi
1179 1170 1210 1229 et
1224 1165 1329 1246 judice
1347 1163 1501 1228 Cumano-

301 1295 376 1347 rum,
388 1275 500 1359 Vgrino
507 1277 611 1358 judice
624 1277 708 1340 curie
721 1281 835 1346 nostre,
842 1277 978 1340 blattbeo
991 1278 1136 1356 magistro
1145 1276 1500 1362 tavernicorumnostro-

305 1405 388 1458 rum,
405 1385 518 1449 Thomu
535 1385 612 1448 bauo
629 1386 726 1448 tocius
742 1386 919 1456 Sclauonie,
946 1386 1088 1449 ladislao
1112 1385 1266 1467 wayvvoda
1283 1383 1502 1446 Transsiluano

303 1493 413 1556 comite
438 1493 476 1556 de
492 1493 605 1565 Zonulr,
629 1493 783 1575 Stephano
806 1493 952 1573 magistro
974 1492 1176 1575 dapiferorum
1200 1496 1372 1553 nostrorum
1390 1491 1501 1554 comite

303 1601 468 1672 Borsiensi,
484 1600 617 1665 Rolando
631 1605 774 1681 magistro
786 1603 1008 1666 taveroicorum
1021 1601 1139 1664 domine
1152 1602 1270 1680 regine,
1285 1599 1373 1682 hlops
1389 1600 1501 1662 comite

304 1708 495 1791 symigiensi,
520 1711 624 1793 Bagyn
642 1711 751 1773 comite
776 1709 966 1792 Zalagiensi,
983 1707 1134 1772 Herlando
1157 1708 1268 1770 comite
1291 1705 1501 1776 Castriferrei,

301 1816 450 1881 Michaele
475 1818 585 1883 comite
608 1817 754 1882 Nitrieusi
782 1824 814 1882 et
840 1819 907 1881 aliis
931 1837 1018 1903 quam
1046 1816 1182 1901 pluribus
1213 1817 1375 1879 comitatus
1410 1816 1500 1894 regni

302 1926 472 1989 tenentibus
489 1931 519 1990 et
534 1928 676 1990 honores.

843 2151 954 2222 Ovili.

862 2307 941 2362 rara.

393 2451 553 2516 Ladislaus
570 2451 626 2516 Dei
643 2453 739 2533 gratia
757 2452 919 2534 Huugarie,
937 2452 1094 2526 Dalmatie,
1112 2451 1244 2523 Oroatia,
1267 2453 1369 2522 Reme,
1390 2451 1500 2514 Servie

303 2558 432 2637 Galicie,
449 2559 701 2644 hodomerieque,
719 2580 754 2624 ac
771 2559 926 2637 Cumanis,
939 2561 1143 2645 Bulgarieque
1152 2582 1214 2633 rex,
1229 2559 1367 2624 omnibus
1387 2559 1502 2622 Christi

302 2668 442 2732 fidelibus
458 2674 632 2752 presentem
650 2670 789 2753 paginam
803 2670 986 2753 inspecturis
1000 2670 1127 2732 salutern
1142 2671 1171 2732 in
1189 2672 1319 2732 omnium
1334 2671 1498 2732 salvatore.

302 2777 429 2858 Regiam
445 2778 536 2840 decet
552 2777 740 2840 clementiam
755 2798 809 2841 eos
826 2778 970 2860 imprimis
987 2779 1158 2842 serenitatis
1173 2777 1325 2841 favoribus
1341 2778 1499 2846 extollere,

305 2886 355 2969 qui
371 2884 475 2950 laudes
493 2887 556 2950 Deo
574 2886 731 2959 cantando,
764 2908 819 2971 pro
848 2888 1010 2950 animarum
1026 2894 1194 2950 nostrarum
1212 2886 1318 2957 salute,
1346 2907 1404 2968 per
1419 2887 1499 2957 dies,

303 3001 468 3077 noctesque
484 2997 514 3057 in
531 2996 642 3079 templo
659 2996 768 3060 domini
785 2998 975 3065 famulantur,
992 2995 1062 3059 binc
1079 3000 1127 3058 est
1142 2994 1222 3079 quod
1235 2995 1272 3058 ad
1288 2994 1500 3058 universorum

303 3104 438 3165 notitiam
455 3094 614 3186 pervenire
630 3104 777 3174 volumus,
795 3104 874 3188 quod
888 3102 978 3182 justis
996 3103 1193 3186 petitionibus
1212 3107 1329 3185 patrum
1352 3103 1499 3185 predica·

304 3216 401 3274 torum
418 3209 457 3274 de
480 3215 580 3275 castro
609 3216 711 3276 nostro
735 3212 893 3283 Keclrlrcs,
918 3233 1013 3295 penes
1041 3211 1188 3275 novellam
1211 3213 1240 3274 io
1265 3211 1371 3274 eodem
1393 3221 1497 3274 castro

303 3319 465 3382 ecclesiam
495 3320 655 3384 claustrum
685 3339 740 3402 pro
769 3326 888 3402 septem
909 3321 1003 3384 sociis
1019 3321 1083 3382 suis
1101 3320 1246 3383 edificare
1261 3320 1497 3390 intendencium

303 3428 467 3492 clementer
484 3434 661 3509 annuentes,
678 3428 795 3492 eisdem
806 3429 941 3512 patribus
952 3430 990 3492 ad
1002 3435 1181 3494 strumuram
1191 3429 1316 3493 claustri
1329 3448 1365 3491 ex
1378 3449 1497 3492 camera

304 3539 405 3599 nostra
423 3535 494 3598 salis
511 3537 549 3600 de
566 3537 688 3600 Thorda
712 3557 826 3601 annuos
855 3540 1049 3619 octingentos
1070 3540 1141 3601 salis
1171 3537 1286 3620 lapides
1310 3537 1497 3610 dederimus,

304 3645 525 3716 donaverimus,
549 3650 581 3710 et
602 3645 815 3709 contulerimus
838 3648 868 3708 in
885 3651 1072 3730 perpetuum,
1098 3647 1175 3709 etin
1190 3646 1382 3729 refrigerium
1401 3649 1497 3710 anime

304 3757 407 3816 nostre
424 3755 651 3836 sempiternum.
677 3755 742 3836 Quo
771 3756 853 3818 circa
868 3757 953 3819 vohis
970 3755 1142 3819 camerariis
1158 3755 1271 3818 nostris
1289 3755 1409 3827 salium,
1426 3777 1495 3840 par·

304 3861 376 3922 tium
394 3860 669 3936 Transilvanarnm,
686 3863 791 3925 harum
808 3865 890 3926 serie
906 3863 1229 3942 mandamustirmiter,
1252 3868 1285 3925 ut
1306 3864 1345 3926 ad
1361 3864 1496 3946 singulos

303 3969 400 4031 festos
417 3970 515 4032 sancti
532 3968 658 4050 Georgii
674 3971 806 4033 martiris
823 3973 1014 4051 octingentos
1031 3971 1136 4035 salium
1154 3972 1274 4054 lapides
1296 3971 1333 4033 ad
1350 3975 1495 4035 rationem

303 4081 434 4139 nostram
462 4077 552 4140 dictis
579 4078 716 4161 patribus
745 4079 955 4162 suppeditare,
974 4101 1010 4144 ac
1031 4060 1133 4142 Albam
1157 4100 1250 4162 usque
1268 4078 1377 4142 devehi
1392 4081 1496 4142 facere

303 4184 455 4246 noveritis.
481 4183 588 4247 Datum
605 4205 661 4268 per
677 4205 781 4248 manus
798 4206 826 4248 v.
842 4187 899 4248 viri
915 4188 1052 4269 magistri
1069 4185 1235 4257 denedicti,
1252 4191 1358 4250 sancte
1376 4186 1496 4269 Strigo-

302 4293 415 4356 niensis
432 4292 565 4356 ecclesie
587 4292 691 4366 electi,
717 4295 914 4379 ejusdemque
938 4295 998 4358 loci
1020 4295 1137 4359 comitis
1159 4297 1314 4378 perpetui,
1344 4295 1495 4379 prepositi

303 4400 469 4473 lindensis,
504 4406 536 4465 et
565 4401 632 4465 aule
661 4407 762 4466 nostre
786 4403 1047 4476 vicecancellarii,
1076 4405 1179 4468 dilecti
1207 4409 1238 4468 et
1267 4402 1368 4468 fidelis
1401 4405 1496 4468 nostri

305 4529 331 4571 a.
346 4508 381 4570 D.
402 4507 488 4571 1275
505 4511 594 4590 regni
611 4515 708 4574 autem
725 4513 821 4576 nostri
837 4532 914 4575 anno
929 4517 1046 4597 quarto.
