3150 5092
14 1795 15 1803 χ
78 1729 249 1793 munimine
259 1730 425 1795 roboratas.
442 1730 548 1793 Datum
560 1730 662 1814 quinta
675 1729 753 1793 ieris
765 1727 896 1812 proxima
909 1735 979 1813 post
990 1730 1157 1814 quindenas
1167 1730 1273 1794 Pasce.

14 1830 15 1871 ³
80 1838 170 1903 douo
189 1838 302 1903 domini
318 1836 439 1903 urceo,
458 1840 651 1921 nonogesimo
668 1845 762 1903 sexto.

14 2710 19 2781 p

1192 357 1267 431 195

70 534 102 596 in
122 553 251 597 semera
268 532 400 599 ecclesie
416 536 628 599 conservande.
649 535 735 600 Vnde
757 533 814 596 bec
837 535 938 597 omnia
964 535 1104 615 superius
1128 554 1270 617 expressa

69 660 184 705 comes
203 643 311 706 Petrus
327 642 472 723 magister
483 641 590 707 Saulus
608 650 638 706 et
653 644 799 724 magister
811 640 962 726 Nycolaus
978 662 1052 725 sepe
1069 642 1143 706 dicti
1158 643 1270 726 promi·

68 757 199 821 serunt,
218 755 250 813 et
265 732 473 835 promittentes
490 771 525 813 se
541 750 713 832 obligarunt
729 769 833 813 omnes
857 755 931 823 tres,
953 753 979 814 si
995 750 1150 815 commode
1165 751 1268 814 facere

70 866 220 942 possunt,
248 864 299 925 aut
315 858 374 923 duo
389 858 437 922 rel
452 859 557 922 saltem
573 880 650 923 unus
666 880 702 923 ex
716 858 792 942 ipsis
804 861 920 925 nomine
936 881 1001 932 suo,
1016 864 1048 923 et
1063 860 1179 924 nomine
1196 860 1272 923 alio·

67 987 160 1040 rum,
190 968 229 1031 ad
253 969 441 1052 presenciam
463 968 574 1033 domiui
595 968 679 1050 regis
702 966 890 1040 accedendo,
914 969 1067 1053 regiisque
1090 969 1270 1053 privilegiis,

68 1094 107 1140 ac
126 1077 259 1160 capituli
276 1076 326 1141 ubi
343 1077 422 1141 idem
439 1062 516 1142 dom.
533 1078 694 1160 episcopus
712 1077 842 1140 uoluerit
866 1076 960 1139 inseri
980 1078 1098 1151 facere,
1122 1083 1153 1142 et
1176 1080 1271 1160 regiis

71 1185 266 1268 privilegiis,
283 1206 319 1250 ac
338 1186 461 1249 alterius
476 1206 534 1270 cap
550 1222 593 1235 -
610 1220 654 1233 —-
672 1204 758 1269 quam
774 1187 886 1249 nostris
909 1187 988 1249 bunc
1011 1189 1181 1269 presentem
1202 1207 1274 1270 per·

73 1295 262 1358 mutacioois
287 1300 472 1359 contractum
496 1293 651 1361 roborare.
684 1293 723 1357 Vt
743 1294 837 1374 igitur
864 1296 1014 1377 presentis
1036 1296 1271 1378 permutacionis

71 1402 184 1467 titulus
208 1404 301 1469 robur
323 1403 457 1467 obtineat
482 1408 629 1486 perpetue
650 1402 815 1473 firmitatis,
839 1421 895 1465 nec
918 1422 973 1487 per
991 1403 1117 1487 aliquam
1139 1404 1273 1487 parcium

76 1512 275 1577 exstantibus
300 1511 520 1577 conditionibus
543 1512 702 1595 premissis
724 1513 820 1595 possit
842 1511 961 1596 aliquali
983 1511 1088 1597 (modo
1113 1511 1272 1598 rescindi),

76 1625 246 1702 presentes
270 1621 307 1685 ad
338 1620 511 1685 instanciam
539 1621 667 1704 partium
686 1622 891 1685 concessimus
916 1622 1045 1693 litteras,
1066 1622 1158 1703 sigilli
1179 1623 1275 1687 nostri

626 2024 721 2095 CCll.

500 2162 581 2224 1296,
600 2161 644 2217 18.
662 2161 748 2233 April.
768 2160 859 2217 (lien

178 2270 242 2334 Nos
259 2270 405 2345 Andreas,
422 2272 480 2335 Dei
497 2273 606 2352 gretia,
622 2291 675 2337 rex
692 2271 845 2355 Huogarie
867 2272 1012 2335 memorie
1035 2272 1276 2337 commendantes

14 2418 16 2445 r
81 2379 313 2464 significamus,
351 2380 459 2465 quibus
495 2380 629 2464 expedit,
655 2382 820 2456 uniuersis,
843 2383 1024 2465 presentium
1051 2402 1107 2466 per
1129 2387 1276 2445 tenorem.

83 2490 176 2573 Quod
199 2509 253 2552 nos
275 2491 502 2554 considerantes
524 2489 713 2562 fidelitatem,
742 2496 773 2554 et
795 2490 984 2555 servitiorum
1008 2492 1111 2554 merita
1133 2489 1277 2554 lobannis

82 2597 143 2663 lilii
166 2597 278 2663 Milole
295 2598 482 2671 deliciata,
500 2597 663 2672 tributum,
685 2598 765 2683 quod
786 2601 817 2663 iu
838 2598 910 2663 villa
931 2620 984 2663 sua
1002 2598 1146 2663 Vasarbel
1170 2606 1274 2663 vocata

81 2706 121 2771 ab
150 2708 274 2791 antiquo
300 2708 379 2789 exigi
401 2709 573 2780 consuevit,
594 2707 675 2793 quod
696 2707 840 2777 tribulum
866 2709 1011 2803 bactenus
1033 2708 1184 2773 llorerdus
1211 2708 1278 2789 roj-

14 2818 17 2887 l
81 2814 165 2879 voda
182 2814 385 2896 potentialiter
403 2816 530 2881 detinuit
551 2823 582 2881 rt
601 2818 726 2889 dieitur,
750 2818 917 2891 reddimus,
934 2825 965 2883 et
981 2817 1164 2881 restituimus
1180 2816 1279 2882 eidem

14 2938 18 3010 l
84 2925 235 2996 lobanui,
251 2924 417 2991 auferendo
434 2926 471 2989 ab
488 2926 595 2992 eodem
607 2926 741 2991 liorardo
759 2925 903 3006 Vajvoda,
924 2926 1012 3009 pleno
1035 2926 1104 3007 jure
1118 2926 1280 3007 possiden·

14 3102 15 3131 ,
86 3034 178 3107 dum3
197 3034 275 3098 sicut
286 3034 366 3099 idern
382 3034 536 3101 lohannes
553 3036 741 3117 dignoscitur
756 3035 935 3120 possedisse
950 3034 988 3099 ab
1005 3036 1139 3119 antiquo.
1163 3035 1201 3099 Et
1221 3034 1279 3099 boc

14 3138 15 3145 '
84 3143 227 3207 nolumus
243 3163 298 3226 per
314 3145 379 3208 lora
396 3144 515 3227 publice
531 3145 718 3228 proclamari.
743 3147 849 3209 Datum
875 3143 969 3215 Bnde,
993 3144 1069 3207 teria
1086 3149 1189 3228 quarta
1206 3164 1279 3227 pro-

85 3252 169 3315 xima
186 3256 254 3317 ante
277 3252 386 3317 festum
408 3251 488 3341 beati
513 3252 638 3335 Georgii
659 3254 808 3339 martyris.
834 3253 916 3317 Anno
941 3250 1053 3315 domiui
1069 3251 1170 3317 Moe.
1187 3271 1281 3315 uoue-

14 3435 15 3438 Ἴ
86 3359 209 3443 gesimo
225 3364 320 3425 sexto.

631 3547 740 3618 COlll.

514 3684 594 3748 1296,
611 3684 656 3739 2l.
672 3684 743 3740 duni·
764 3682 856 3739 (lieu.

188 3792 323 3857 Andreas
345 3794 402 3858 Dei
429 3796 525 3876 gratia
548 3816 600 3860 rex
627 3795 777 3875 Huugarie
806 3802 866 3859 etc.
890 3792 1046 3857 Fidelibus
1068 3791 1131 3857 suis
1152 3791 1282 3875 capitulo

14 3892 15 3979 ξ
91 3902 230 3967 ecclesie
257 3903 472 3989 Transyluanie
504 3905 630 3971 salutem
652 3910 683 3969 et
704 3905 840 3988 gratiam.
864 3904 945 3967 Dicit
960 3903 1046 3967 nobis
1061 3902 1222 3983 religiosus
1238 3900 1285 3965 rir

14 4062 15 4089 ,
87 4012 188 4077 irater
210 4012 357 4077 Henricue
384 4013 476 4079 abbas
501 4016 539 4079 de
561 4016 656 4081 Koloe
670 4022 842 4085 monaster,
870 4020 973 4077 nostre
993 4012 1155 4077 maiestatis
1178 4007 1283 4093 capel·

94 4119 183 4185 lanus
200 4098 354 4202 specialis,
371 4142 425 4187 sue
441 4128 472 4187 et
488 4128 653 4187 conuentus
670 4123 699 4185 in
715 4122 872 4205 personis,
895 4120 975 4205 quod
997 4120 1163 4203 predictum
1180 4138 1285 4181 mona·

14 4302 16 4331 ‚
92 4228 220 4293 sterium
236 4234 267 4293 et
283 4230 424 4295 ruiuersc
437 4233 647 4315 possessiones
666 4230 813 4303 eiusdem,
830 4230 947 4294 scilicet
963 4228 1032 4293 ville
1047 4228 1212 4298 Mereatur,
1229 4225 1285 4289 sub

14 4382 15 4431 3
92 4338 200 4403 eodem
216 4340 398 4404 monasterio
413 4341 556 4418 existens,
574 4360 641 4405 cum
657 4341 813 4426 quibusvis
831 4340 894 4403 suis
914 4337 1089 4403 utilitatibus
1110 4343 1142 4401 et
1159 4336 1283 4400 decimis

14 4468 15 4511 ἔ
94 4447 126 4511 in
147 4452 211 4512 toto
234 4452 266 4513 et
286 4448 407 4531 integre
429 4458 497 4533 post
519 4450 637 4535 plagam
665 4452 868 4521 Tartarorum,
889 4446 1075 4530 temporibus
1099 4444 1284 4510 serenissimi

95 4556 242 4641 principis
267 4557 408 4631 Ladislei,
431 4558 557 4623 condam
575 4559 657 4641 regis
672 4558 814 4641 Vogeric,
831 4555 995 4623 recolende
1007 4555 1151 4621 memorie
1167 4556 1285 4630 tactam,

1017 4663 1069 4716 13*
