3150 5092
606 350 708 422 443

600 521 797 580 tamen
854 519 1076 583 fuimus
1136 518 1433 591 exauditi;
1492 520 1630 602 quin
1678 520 1880 600 potius
1924 517 2079 581 idem
2126 514 2417 596 magister
2478 511 2556 574 ad
2621 506 2988 593 presentiam

603 630 758 687 tuam
793 626 848 687 in
884 646 992 709 spe
1025 635 1293 702 vocatus,
1329 627 1631 691 accedens
1656 627 1980 689 frustratus
2013 624 2193 687 rediit
2206 621 2545 700 {fatigatus
2580 616 2789 680 multis
2824 613 2989 676 laho-

604 731 768 793 ribus
803 739 866 795 et
897 737 1199 818 expensis,
1246 734 1396 797 alias
1441 734 1617 797 domo
1675 754 1781 796 sua
1824 735 2078 815 propter
2109 731 2226 793 hoc
2262 729 2462 791 attrita
2495 726 2688 788 variis
2723 727 2789 785 et
2824 740 2995 783 enor-

601 839 795 903 mibus
839 841 1234 905 detrimentis.
1284 841 1374 904 Ne
1421 843 1608 919 igitur
1664 840 2051 904 inexorabilis
2106 838 2392 907 videaris,
2449 837 2535 906 si,
2592 832 2757 918 quod
2818 829 2994 898 absit,

601 948 885 1008 seductus
921 949 1118 1030 prauis
1151 948 1645 1030 suggestionibus
1678 946 2092 1029 malignorum,
2120 944 2383 1008 reddere
2414 960 2660 1012 renuas,
2684 937 2852 1024 quod
2887 956 2997 998 non

601 1060 777 1136 putes
853 1055 1016 1117 salua
1094 1055 1460 1118 conscientia
1522 1056 1789 1117 retinere
1802 1075 1819 1124 ;
1900 1053 2291 1116 serenitatem
2366 1049 2599 1129 regiam
2687 1062 2997 1127 rogamus,

601 1180 909 1224 mune-mus
951 1165 1014 1223 et
1065 1161 1368 1224 hortamur
1419 1163 1480 1224 in
1515 1162 1791 1236 domino,
1846 1162 1907 1223 in
1955 1160 2380 1223 remissionem
2422 1156 2534 1220 tihi
2579 1154 2996 1237 peccaminum

601 1268 999 1348 injungentes,
1027 1273 1316 1350 quatenus
1343 1270 1719 1332 conscientie
1745 1274 1809 1332 et
1830 1269 1988 1331 fame
2013 1273 2115 1329 tue
2140 1264 2470 1329 salubriter
2490 1260 2853 1332 consulens,
2869 1278 2997 1320 cum

605 1384 913 1456 pet-mitum
942 1376 1180 1439 minime
1201 1378 1559 1448 remittatur,
1585 1378 1702 1439 nisi
1731 1377 2084 1439 restituatur
2108 1373 2369 1437 ablatum
2388 1420 2405 1445 ,
2440 1371 2678 1434 eisdem
2704 1368 2997 1448 magistro

601 1492 661 1544 nt
725 1486 1008 1546 fratribus
1064 1486 1346 1547 restituas
1399 1490 1621 1548 terram
1656 1485 1843 1567 ipsam
1870 1532 1890 1559 ,
1950 1483 2027 1545 de
2075 1482 2306 1546 damnis
2342 1486 2404 1543 et
2437 1480 2731 1560 irrogatis
2765 1475 2999 1556 injuriis

601 1592 1070 1652 satisfactionem
1096 1610 1419 1673 congruam
1455 1590 1888 1675 impendend03
1924 1594 2005 1653 ita
2032 1591 2195 1676 quod
2220 1590 2468 1652 veritati
2495 1607 2685 1650 verax
2712 1584 3000 1651 existens,

601 1708 657 1760 te
693 1700 777 1760 illi
817 1698 1032 1761 reddas
1066 1698 1348 1781 placitum
1383 1706 1443 1762 et
1475 1705 1813 1780 acceptum,
1848 1699 1948 1783 qui
1982 1704 2273 1782 acceptos
2307 1697 2595 1782 prouehit
2634 1697 2699 1756 in
2726 1693 2998 1759 salutem,

597 1816 657 1868 et
693 1828 797 1868 uns
837 1808 944 1868 tihi
978 1807 1410 1868 constituamur
1443 1807 1656 1869 exinde
1689 1827 1803 1868 non
1837 1807 2131 1870 immerito
2166 1804 2508 1869 debitores.
2563 1802 2789 1865 Datum
2826 1800 3003 1862 Late-

601 1916 725 1976 rani
765 1916 809 1976 ll
845 1914 955 1976 kal.
990 1912 1152 1993 Maji.
1189 1912 1580 1976 Pontificatus
1615 1916 1803 1977 nostri
1837 1934 1989 1977 anno
2026 1915 2095 1977 V.

1660 2116 1882 2185 XLVL

1701 2250 1863 2304 1231.

777 2360 1064 2432 Andreas,
1098 2357 1212 2420 Dei
1244 2359 1460 2437 gratia,
1496 2378 1601 2420 rex
1627 2358 1956 2440 Hungarie‚
2003 2359 2277 2423 omnihus
2325 2361 2687 2442 presentem
2724 2355 3006 2438 paginam

593 2468 972 2544 inspecturis,
1025 2465 1272 2527 salutem
1309 2470 1371 2527 et
1412 2484 1585 2528 omne
1628 2465 1867 2530 bonum.
1925 2467 2011 2529 Ad
2060 2471 2481 2531 universorum
2521 2466 2809 2527 notitiam
2842 2460 3010 2524 volu-

589 2592 717 2632 mus
769 2573 1115 2652 pei-venire:
1163 2571 1323 2653 quod
1362 2592 1494 2636 cum
1550 2575 1977 2655 strigoniensis
2024 2576 2314 2646 ecclesia,
2364 2575 2508 2658 quia
2546 2572 2625 2635 ah
2677 2572 2842 2652 ipsa,
2877 2574 3009 2631 tan-

585 2700 761 2764 quam
797 2700 825 2740 a
865 2684 1048 2741 matre
1091 2682 1425 2742 ceterarum
1462 2682 1856 2744 ecclesiarum
1891 2688 1953 2744 et
1984 2683 2299 2763 magistra,
2351 2679 2800 2744 ecclesiastica
2850 2677 3009 2739 reci-

585 2788 777 2868 pimus
813 2790 1204 2856 sam-amenta,
1236 2788 1620 2868 prerogativa
1652 2789 1921 2865 gaudere
1956 2790 2178 2853 debeat
2222 2786 2505 2870 speciali,
2554 2786 2912 2855 statuimus„
2948 2789 3008 2844 ut

583 2896 641 2956 in
677 2892 833 2960 luco.
869 2893 968 2976 qui
1006 2893 1249 2956 Oronoa
1282 2892 1512 2976 Wynch
1545 2894 1784 2966 dicitur,
1818 2916 1996 2980 quem
2030 2896 2227 2959 locum
2264 2915 2401 2957 cum
2438 2895 2568 2957 suis
2602 2891 3005 2976 pertinentiis

581 2996 781 3060 eidem
837 2998 1097 3060 ecclesie
1146 2997 1305 3061 nullo
1340 3000 1760 3081 participiante
1815 3004 2198 3078 contulimus,
2256 3003 2319 3064 in
2353 3000 3006 3081 recompensationem

581 3108 959 3174 damnorum,
995 3123 1111 3188 que
1143 3110 1262 3166 tarn
1297 3109 1640 3188 episcopus,
1670 3127 1841 3192 quam
1875 3110 1992 3190 ipsi
2025 3110 2301 3172 canonici
2335 3129 2450 3192 pro
2488 3107 2678 3170 nobis
2715 3104 3006 3190 perpessi

581 3220 745 3280 sunt,
781 3212 917 3272 dum
951 3229 1224 3273 essemus
1259 3211 1316 3271 in
1351 3213 1597 3275 servitio
1628 3213 1779 3276 Jesu
1808 3214 2055 3286 Christi,
2093 3214 2348 3297 quilibet
2382 3233 2629 3283 currus,
2668 3214 3008 3275 cuiuscun-

581 3336 697 3400 que
733 3320 841 3384 sit..
873 3315 1015 3377 inde
1071 3315 1516 3395 pertransiens,
1575 3322 1639 3378 et
1692 3320 1853 3382 sales
1890 3321 2201 3393 deferens,
2239 3338 2423 3382 unum
2482 3319 2686 3381 salem
2725 3319 3008 3381 conferat

577 3424 841 3504 capitulo
877 3441 983 3504 pro
1018 3420 1278 3491 tributo,
1337 3421 1571 3485 scilicet
1626 3424 1775 3487 duos
1823 3425 2018 3489 kulus.
2068 3426 2149 3489 Ut
2192 3435 2395 3491 autem
2432 3425 2557 3489 hec
2606 3431 2833 3489 nostra
2868 3445 3009 3488 con-

573 3528 809 3592 stitutio
869 3527 1051 3590 robur
1102 3526 1325 3588 haheat
1379 3527 1700 3601 firmitatis,
1754 3532 1984 3594 litteras
2040 3538 2282 3595 nostras
2334 3535 2779 3597 concessimus
2818 3531 3004 3615 sigilli

573 3636 765 3696 nostri
841 3633 1162 3696 munimine
1241 3631 1581 3696 roboratas.
1634 3636 1699 3697 Si
1762 3637 1895 3719 quis
1962 3643 2160 3700 autem
2239 3645 2458 3702 nostre
2527 3641 3001 3704 constitutionis

573 3748 950 3820 contemptor
1025 3736 1332 3807 extiterit,
1417 3741 1878 3805 condemnamus
1923 3763 2057 3805 eum
2105 3747 2297 3825 regali
2364 3745 2640 3820 iudicio,
2691 3753 2998 3831 tamquam

573 3848 781 3908 statuti
849 3848 999 3928 regii
1055 3848 1550 3926 contemptorem.
1630 3848 1843 3911 Datum
1892 3851 1960 3912 A.
2008 3851 2079 3912 D.
2118 3851 2499 3916 MCCXXXI.
2536 3857 2731 3936 regni
2799 3859 2997 3917 autem

573 3956 769 4016 sinistri
801 3952 1003 4016 XVIII.

1638 4135 1886 4207 XLVII.

1678 4269 1835 4322 1231.

753 4384 1082 4468 Capitulum
1133 4379 1400 4447 ecclesie
1433 4375 1595 4439 beati
1629 4376 1943 4442 Michaelis
1978 4379 2334 4462 archangeli
2368 4383 2832 4449 Transiluanie
2882 4390 2997 4449 etc.

569 4484 889 4568 Omnibus,
967 4495 1041 4558 ad
1106 4509 1260 4577 quos
1322 4503 1581 4568 presens
1667 4485 1952 4565 scriptum
2019 4489 2409 4569 peruenerit,
2514 4491 2823 4558 salutem.
2910 4489 2997 4555 Ad
