<?xml version="1.0" encoding="UTF-8"?>
<!DOCTYPE html PUBLIC "-//W3C//DTD XHTML 1.0 Transitional//EN"
    "http://www.w3.org/TR/xhtml1/DTD/xhtml1-transitional.dtd">
<html xmlns="http://www.w3.org/1999/xhtml" xml:lang="en" lang="en">
 <head>
  <title>
</title>
<meta http-equiv="Content-Type" content="text/html;charset=utf-8" />
  <meta name='ocr-system' content='tesseract 3.04.00' />
  <meta name='ocr-capabilities' content='ocr_page ocr_carea ocr_par ocr_line ocrx_word'/>
</head>
<body>
  <div class='ocr_page' id='page_1' title='image "./fontesrerumaust26kommgoog_0131.png"; bbox 0 0 3150 5092; ppageno 0'>
   <div class='ocr_carea' id='block_1_1' title="bbox 1284 295 1334 365">
    <p class='ocr_par' dir='ltr' id='par_1_1' title="bbox 1284 295 1334 365">
     <span class='ocr_line' id='line_1_1' title="bbox 1284 295 1334 365; baseline 0.02 -1"><span class='ocrx_word' id='word_1_1' title='bbox 1284 295 1334 365; x_wconf 82' lang='lat'>37</span> 
     </span>
    </p>
   </div>
   <div class='ocr_carea' id='block_1_2' title="bbox 136 467 1335 552">
    <p class='ocr_par' dir='ltr' id='par_1_2' title="bbox 136 467 1335 552">
     <span class='ocr_line' id='line_1_2' title="bbox 136 467 1335 552; baseline -0.001 -22"><span class='ocrx_word' id='word_1_2' title='bbox 136 468 299 531; x_wconf 81' lang='lat' dir='ltr'>commisse</span> <span class='ocrx_word' id='word_1_3' title='bbox 316 468 375 531; x_wconf 90' lang='lat' dir='ltr'>sibi</span> <span class='ocrx_word' id='word_1_4' title='bbox 392 468 525 532; x_wconf 81' lang='lat' dir='ltr'>ecclesie</span> <span class='ocrx_word' id='word_1_5' title='bbox 543 473 748 532; x_wconf 82' lang='lat' dir='ltr'>venustentur.</span> <span class='ocrx_word' id='word_1_6' title='bbox 774 467 850 529; x_wconf 89' lang='lat' dir='ltr'>Hinc</span> <span class='ocrx_word' id='word_1_7' title='bbox 867 475 924 538; x_wconf 90' lang='lat' dir='ltr'>est,</span> <span class='ocrx_word' id='word_1_8' title='bbox 940 469 1021 551; x_wconf 86' lang='lat' dir='ltr'>qnod</span> <span class='ocrx_word' id='word_1_9' title='bbox 1035 489 1089 531; x_wconf 88' lang='lat' dir='ltr'>nos</span> <span class='ocrx_word' id='word_1_10' title='bbox 1105 469 1196 532; x_wconf 91' lang='lat' dir='ltr'>multa</span> <span class='ocrx_word' id='word_1_11' title='bbox 1213 487 1335 552; x_wconf 90' lang='lat' dir='ltr'>precum</span> 
     </span>
    </p>
   </div>
   <div class='ocr_carea' id='block_1_3' title="bbox 30 573 1334 658">
    <p class='ocr_par' dir='ltr' id='par_1_3' title="bbox 30 573 1334 658">
     <span class='ocr_line' id='line_1_3' title="bbox 30 573 1334 658; baseline 0.002 -23"><span class='ocrx_word' id='word_1_12' title='bbox 30 650 38 654; x_wconf 18' lang='grc' dir='ltr'><strong>ῃ</strong></span> <span class='ocrx_word' id='word_1_13' title='bbox 134 574 278 638; x_wconf 89' lang='lat' dir='ltr'>instantia</span> <span class='ocrx_word' id='word_1_14' title='bbox 310 574 480 638; x_wconf 79' lang='lat' dir='ltr'>charissimi</span> <span class='ocrx_word' id='word_1_15' title='bbox 510 577 540 638; x_wconf 92' lang='lat' dir='ltr'>in</span> <span class='ocrx_word' id='word_1_16' title='bbox 574 573 693 639; x_wconf 84' lang='lat' dir='ltr'>Christo</span> <span class='ocrx_word' id='word_1_17' title='bbox 725 573 780 638; x_wconf 90' lang='lat' dir='ltr'>filii</span> <span class='ocrx_word' id='word_1_18' title='bbox 801 576 911 644; x_wconf 89' lang='lat' dir='ltr'>nostri,</span> <span class='ocrx_word' id='word_1_19' title='bbox 933 574 1059 638; x_wconf 89' lang='lat' dir='ltr'>illustris</span> <span class='ocrx_word' id='word_1_20' title='bbox 1076 578 1161 657; x_wconf 85' lang='lat' dir='ltr'>regis</span> <span class='ocrx_word' id='word_1_21' title='bbox 1179 577 1334 658; x_wconf 82' lang='lat' dir='ltr'>ilungarie</span> 
     </span>
    </p>
   </div>
   <div class='ocr_carea' id='block_1_4' title="bbox 132 682 1334 1282">
    <p class='ocr_par' dir='ltr' id='par_1_4' title="bbox 132 682 1334 1282">
     <span class='ocr_line' id='line_1_4' title="bbox 135 682 1333 768; baseline 0.001 -23"><span class='ocrx_word' id='word_1_22' title='bbox 135 703 172 745; x_wconf 87' lang='lat' dir='ltr'>ac</span> <span class='ocrx_word' id='word_1_23' title='bbox 198 687 251 745; x_wconf 90' lang='lat' dir='ltr'>tue</span> <span class='ocrx_word' id='word_1_24' title='bbox 273 682 444 746; x_wconf 90' lang='lat' dir='ltr'>deuotionis</span> <span class='ocrx_word' id='word_1_25' title='bbox 476 682 583 745; x_wconf 91' lang='lat' dir='ltr'>intuitu</span> <span class='ocrx_word' id='word_1_26' title='bbox 611 682 761 754; x_wconf 89' lang='lat' dir='ltr'>inclinati,</span> <span class='ocrx_word' id='word_1_27' title='bbox 792 701 921 764; x_wconf 84' lang='lat' dir='ltr'>persone</span> <span class='ocrx_word' id='word_1_28' title='bbox 951 691 1018 754; x_wconf 89' lang='lat' dir='ltr'>tue,</span> <span class='ocrx_word' id='word_1_29' title='bbox 1044 684 1133 747; x_wconf 89' lang='lat' dir='ltr'>mitre</span> <span class='ocrx_word' id='word_1_30' title='bbox 1165 704 1200 747; x_wconf 89' lang='lat' dir='ltr'>ac</span> <span class='ocrx_word' id='word_1_31' title='bbox 1223 684 1333 768; x_wconf 35' lang='lat' dir='ltr'>&#39;annuli</span> 
     </span>
     <span class='ocr_line' id='line_1_5' title="bbox 132 788 1334 873; baseline 0.001 -21"><span class='ocrx_word' id='word_1_32' title='bbox 132 810 220 853; x_wconf 85' lang='lat' dir='ltr'>vsum</span> <span class='ocrx_word' id='word_1_33' title='bbox 250 791 287 855; x_wconf 90' lang='lat' dir='ltr'>de</span> <span class='ocrx_word' id='word_1_34' title='bbox 316 790 441 873; x_wconf 86' lang='lat' dir='ltr'>speciali</span> <span class='ocrx_word' id='word_1_35' title='bbox 466 791 563 870; x_wconf 84' lang='lat' dir='ltr'>gratia</span> <span class='ocrx_word' id='word_1_36' title='bbox 592 789 727 852; x_wconf 85' lang='lat' dir='ltr'>duximus</span> <span class='ocrx_word' id='word_1_37' title='bbox 750 788 978 852; x_wconf 91' lang='lat' dir='ltr'>concedendum</span> <span class='ocrx_word' id='word_1_38' title='bbox 995 790 1182 862; x_wconf 83' lang='lat' dir='ltr'>affectantes,</span> <span class='ocrx_word' id='word_1_39' title='bbox 1211 796 1241 853; x_wconf 88' lang='lat' dir='ltr'>vt</span> <span class='ocrx_word' id='word_1_40' title='bbox 1265 809 1334 855; x_wconf 89' lang='lat' dir='ltr'>cum</span> 
     </span>
     <span class='ocr_line' id='line_1_6' title="bbox 133 894 1334 977; baseline 0.002 -20"><span class='ocrx_word' id='word_1_41' title='bbox 133 895 258 959; x_wconf 86' lang='lat' dir='ltr'>honoris</span> <span class='ocrx_word' id='word_1_42' title='bbox 281 901 441 977; x_wconf 83' lang='lat' dir='ltr'>augmento</span> <span class='ocrx_word' id='word_1_43' title='bbox 466 897 562 976; x_wconf 86' lang='lat' dir='ltr'>gratia</span> <span class='ocrx_word' id='word_1_44' title='bbox 585 894 794 958; x_wconf 80' lang='lat' dir='ltr'>sollicitudinis</span> <span class='ocrx_word' id='word_1_45' title='bbox 818 901 868 959; x_wconf 88' lang='lat' dir='ltr'>tue</span> <span class='ocrx_word' id='word_1_46' title='bbox 890 916 1034 961; x_wconf 89' lang='lat' dir='ltr'>crescere</span> <span class='ocrx_word' id='word_1_47' title='bbox 1052 898 1179 968; x_wconf 90' lang='lat' dir='ltr'>debeat;</span> <span class='ocrx_word' id='word_1_48' title='bbox 1202 902 1234 961; x_wconf 94' lang='lat' dir='ltr'>et</span> <span class='ocrx_word' id='word_1_49' title='bbox 1255 897 1334 960; x_wconf 89' lang='lat' dir='ltr'>sicut</span> 
     </span>
     <span class='ocr_line' id='line_1_7' title="bbox 133 1002 1333 1088; baseline -0.002 -20"><span class='ocrx_word' id='word_1_50' title='bbox 133 1003 234 1068; x_wconf 91' lang='lat' dir='ltr'>cultus</span> <span class='ocrx_word' id='word_1_51' title='bbox 264 1008 312 1066; x_wconf 93' lang='lat' dir='ltr'>est</span> <span class='ocrx_word' id='word_1_52' title='bbox 341 1004 516 1084; x_wconf 82' lang='lat' dir='ltr'>elegantior,</span> <span class='ocrx_word' id='word_1_53' title='bbox 542 1005 587 1066; x_wconf 91' lang='lat' dir='ltr'>sic</span> <span class='ocrx_word' id='word_1_54' title='bbox 614 1007 645 1068; x_wconf 87' lang='lat' dir='ltr'>et</span> <span class='ocrx_word' id='word_1_55' title='bbox 668 1002 805 1066; x_wconf 91' lang='lat' dir='ltr'>melioris</span> <span class='ocrx_word' id='word_1_56' title='bbox 829 1003 890 1066; x_wconf 86' lang='lat' dir='ltr'>vito</span> <span class='ocrx_word' id='word_1_57' title='bbox 915 1005 993 1066; x_wconf 89' lang='lat' dir='ltr'>actio</span> <span class='ocrx_word' id='word_1_58' title='bbox 1017 1004 1227 1088; x_wconf 88' lang='lat' dir='ltr'>subsequatur.</span> <span class='ocrx_word' id='word_1_59' title='bbox 1252 1003 1333 1067; x_wconf 85' lang='lat' dir='ltr'>Nulli</span> 
     </span>
     <span class='ocr_line' id='line_1_8' title="bbox 134 1110 1333 1195; baseline 0.001 -21"><span class='ocrx_word' id='word_1_60' title='bbox 134 1131 211 1194; x_wconf 84' lang='lat' dir='ltr'>ergo</span> <span class='ocrx_word' id='word_1_61' title='bbox 243 1112 450 1174; x_wconf 87' lang='lat' dir='ltr'>concessionis</span> <span class='ocrx_word' id='word_1_62' title='bbox 479 1148 523 1158; x_wconf 95' lang='lat'><em>-</em></span> <span class='ocrx_word' id='word_1_63' title='bbox 550 1111 584 1174; x_wconf 87' lang='lat' dir='ltr'>si</span> <span class='ocrx_word' id='word_1_64' title='bbox 605 1111 671 1195; x_wconf 91' lang='lat' dir='ltr'>quis</span> <span class='ocrx_word' id='word_1_65' title='bbox 701 1146 745 1155; x_wconf 94' lang='lat'><em>-</em></span> <span class='ocrx_word' id='word_1_66' title='bbox 768 1110 875 1174; x_wconf 88' lang='lat' dir='ltr'>Datum</span> <span class='ocrx_word' id='word_1_67' title='bbox 903 1111 997 1174; x_wconf 86' lang='lat' dir='ltr'>Reate</span> <span class='ocrx_word' id='word_1_68' title='bbox 1025 1112 1169 1175; x_wconf 81' lang='lat' dir='ltr'>Kalendis</span> <span class='ocrx_word' id='word_1_69' title='bbox 1191 1111 1333 1175; x_wconf 79' lang='lat' dir='ltr'>Octobris</span> 
     </span>
     <span class='ocr_line' id='line_1_9' title="bbox 135 1218 367 1282; baseline 0 -2"><span class='ocrx_word' id='word_1_70' title='bbox 135 1218 221 1282; x_wconf 76' lang='lat' dir='ltr'>Anno</span> <span class='ocrx_word' id='word_1_71' title='bbox 241 1218 367 1281; x_wconf 90' lang='lat' dir='ltr'>decimo.</span> 
     </span>
    </p>
   </div>
   <div class='ocr_carea' id='block_1_5' title="bbox 514 1401 945 1601">
    <p class='ocr_par' dir='ltr' id='par_1_5' title="bbox 514 1401 945 1601">
     <span class='ocr_line' id='line_1_10' title="bbox 665 1401 804 1472; baseline 0 -1"><span class='ocrx_word' id='word_1_72' title='bbox 665 1401 804 1472; x_wconf 86' lang='lat' dir='ltr'>XXXVI.</span> 
     </span>
     <span class='ocr_line' id='line_1_11' title="bbox 514 1536 945 1601; baseline 0 -10"><span class='ocrx_word' id='word_1_73' title='bbox 514 1537 595 1601; x_wconf 71' lang='lat'>1225,</span> <span class='ocrx_word' id='word_1_74' title='bbox 613 1537 658 1591; x_wconf 78' lang='lat'>27.</span> <span class='ocrx_word' id='word_1_75' title='bbox 676 1536 805 1591; x_wconf 78' lang='lat' dir='ltr'>October.</span> <span class='ocrx_word' id='word_1_76' title='bbox 824 1539 945 1592; x_wconf 83' lang='lat' dir='ltr'>Reate.</span> 
     </span>
    </p>
   </div>
   <div class='ocr_carea' id='block_1_6' title="bbox 125 1646 1329 4535">
    <p class='ocr_par' dir='ltr' id='par_1_6' title="bbox 125 1646 1329 4535">
     <span class='ocr_line' id='line_1_12' title="bbox 225 1646 1327 1732; baseline 0.002 -24"><span class='ocrx_word' id='word_1_77' title='bbox 225 1647 434 1710; x_wconf 88' lang='lat' dir='ltr'>Honorius-</span> <span class='ocrx_word' id='word_1_78' title='bbox 458 1647 525 1726; x_wconf 84' lang='lat' dir='ltr'>regi</span> <span class='ocrx_word' id='word_1_79' title='bbox 550 1647 712 1730; x_wconf 83' lang='lat' dir='ltr'>ilungarie.</span> <span class='ocrx_word' id='word_1_80' title='bbox 739 1683 783 1694; x_wconf 90' lang='lat'>-—</span> <span class='ocrx_word' id='word_1_81' title='bbox 810 1646 877 1710; x_wconf 87' lang='lat' dir='ltr'>Jam</span> <span class='ocrx_word' id='word_1_82' title='bbox 900 1647 1073 1710; x_wconf 89' lang='lat' dir='ltr'>meminisse</span> <span class='ocrx_word' id='word_1_83' title='bbox 1096 1649 1144 1711; x_wconf 86' lang='lat' dir='ltr'>rix</span> <span class='ocrx_word' id='word_1_84' title='bbox 1164 1667 1327 1732; x_wconf 92' lang='lat' dir='ltr'>possumus</span> 
     </span>
     <span class='ocr_line' id='line_1_13' title="bbox 130 1753 1329 1840; baseline 0.004 -24"><span class='ocrx_word' id='word_1_85' title='bbox 130 1754 312 1827; x_wconf 87' lang='lat' dir='ltr'>litterarum,</span> <span class='ocrx_word' id='word_1_86' title='bbox 331 1774 402 1840; x_wconf 91' lang='lat' dir='ltr'>quas</span> <span class='ocrx_word' id='word_1_87' title='bbox 420 1775 475 1838; x_wconf 92' lang='lat' dir='ltr'>pro</span> <span class='ocrx_word' id='word_1_88' title='bbox 492 1753 611 1817; x_wconf 91' lang='lat' dir='ltr'>dilectis</span> <span class='ocrx_word' id='word_1_89' title='bbox 629 1753 715 1830; x_wconf 89' lang='lat' dir='ltr'>filiis,</span> <span class='ocrx_word' id='word_1_90' title='bbox 739 1754 881 1818; x_wconf 89' lang='lat' dir='ltr'>fratribus</span> <span class='ocrx_word' id='word_1_91' title='bbox 904 1756 1008 1819; x_wconf 91' lang='lat' dir='ltr'>domus</span> <span class='ocrx_word' id='word_1_92' title='bbox 1030 1755 1063 1819; x_wconf 87' lang='lat' dir='ltr'>S.</span> <span class='ocrx_word' id='word_1_93' title='bbox 1093 1754 1199 1822; x_wconf 78' lang='lat' dir='ltr'>Morio</span> <span class='ocrx_word' id='word_1_94' title='bbox 1225 1755 1329 1821; x_wconf 74' lang='lat' dir='ltr'>lbert-</span> 
     </span>
     <span class='ocr_line' id='line_1_14' title="bbox 126 1861 1329 1934; baseline 0.001 -8"><span class='ocrx_word' id='word_1_95' title='bbox 126 1863 306 1927; x_wconf 82' lang='lat' dir='ltr'>tonicomrm</span> <span class='ocrx_word' id='word_1_96' title='bbox 333 1866 384 1924; x_wconf 90' lang='lat' dir='ltr'>tue</span> <span class='ocrx_word' id='word_1_97' title='bbox 412 1861 566 1924; x_wconf 89' lang='lat' dir='ltr'>serenitati</span> <span class='ocrx_word' id='word_1_98' title='bbox 590 1861 753 1926; x_wconf 91' lang='lat' dir='ltr'>recolimus</span> <span class='ocrx_word' id='word_1_99' title='bbox 779 1862 968 1934; x_wconf 91' lang='lat' dir='ltr'>destinasse,</span> <span class='ocrx_word' id='word_1_100' title='bbox 998 1861 1205 1934; x_wconf 81' lang='lat' dir='ltr'>obsecrantes,</span> <span class='ocrx_word' id='word_1_101' title='bbox 1235 1867 1265 1926; x_wconf 83' lang='lat' dir='ltr'>rt</span> <span class='ocrx_word' id='word_1_102' title='bbox 1283 1865 1329 1927; x_wconf 90' lang='lat' dir='ltr'>eis</span> 
     </span>
     <span class='ocr_line' id='line_1_15' title="bbox 129 1969 1328 2054; baseline 0.002 -22"><span class='ocrx_word' id='word_1_103' title='bbox 129 1969 261 2052; x_wconf 86' lang='lat' dir='ltr'>pacifice</span> <span class='ocrx_word' id='word_1_104' title='bbox 288 1969 455 2032; x_wconf 81' lang='lat' dir='ltr'>dimitteres</span> <span class='ocrx_word' id='word_1_105' title='bbox 478 1975 588 2031; x_wconf 89' lang='lat' dir='ltr'>terram</span> <span class='ocrx_word' id='word_1_106' title='bbox 612 1971 715 2043; x_wconf 76' lang='lat' dir='ltr'>Bozo,</span> <span class='ocrx_word' id='word_1_107' title='bbox 744 1974 776 2032; x_wconf 89' lang='lat' dir='ltr'>et</span> <span class='ocrx_word' id='word_1_108' title='bbox 799 1970 875 2033; x_wconf 84' lang='lat' dir='ltr'>vltra</span> <span class='ocrx_word' id='word_1_109' title='bbox 901 1975 1018 2034; x_wconf 93' lang='lat' dir='ltr'>montes</span> <span class='ocrx_word' id='word_1_110' title='bbox 1041 1971 1161 2041; x_wconf 89' lang='lat' dir='ltr'>niuium,</span> <span class='ocrx_word' id='word_1_111' title='bbox 1190 1990 1263 2054; x_wconf 86' lang='lat' dir='ltr'>quas</span> <span class='ocrx_word' id='word_1_112' title='bbox 1282 1972 1328 2036; x_wconf 91' lang='lat' dir='ltr'>eis</span> 
     </span>
     <span class='ocr_line' id='line_1_16' title="bbox 128 2075 1328 2161; baseline 0.002 -22"><span class='ocrx_word' id='word_1_113' title='bbox 128 2077 217 2158; x_wconf 84' lang='lat' dir='ltr'>regia</span> <span class='ocrx_word' id='word_1_114' title='bbox 241 2075 421 2140; x_wconf 84' lang='lat' dir='ltr'>liberalitate</span> <span class='ocrx_word' id='word_1_115' title='bbox 444 2076 577 2146; x_wconf 82' lang='lat' dir='ltr'>donasti:</span> <span class='ocrx_word' id='word_1_116' title='bbox 607 2077 685 2141; x_wconf 88' lang='lat' dir='ltr'>sicut</span> <span class='ocrx_word' id='word_1_117' title='bbox 708 2076 868 2161; x_wconf 85' lang='lat' dir='ltr'>priuilegia</span> <span class='ocrx_word' id='word_1_118' title='bbox 890 2084 949 2151; x_wconf 92' lang='lat' dir='ltr'>tua,</span> <span class='ocrx_word' id='word_1_119' title='bbox 978 2079 1065 2142; x_wconf 89' lang='lat' dir='ltr'>nobis</span> <span class='ocrx_word' id='word_1_120' title='bbox 1093 2078 1235 2150; x_wconf 85' lang='lat' dir='ltr'>exhibita,</span> <span class='ocrx_word' id='word_1_121' title='bbox 1259 2085 1328 2142; x_wconf 92' lang='lat' dir='ltr'>eta</span> 
     </span>
     <span class='ocr_line' id='line_1_17' title="bbox 130 2184 1328 2250; baseline 0.001 -2"><span class='ocrx_word' id='word_1_122' title='bbox 130 2184 221 2248; x_wconf 93' lang='lat' dir='ltr'>nobis</span> <span class='ocrx_word' id='word_1_123' title='bbox 238 2184 275 2248; x_wconf 87' lang='lat' dir='ltr'>ad</span> <span class='ocrx_word' id='word_1_124' title='bbox 299 2189 379 2247; x_wconf 90' lang='lat' dir='ltr'>tuam</span> <span class='ocrx_word' id='word_1_125' title='bbox 404 2185 575 2248; x_wconf 89' lang='lat' dir='ltr'>instantiam</span> <span class='ocrx_word' id='word_1_126' title='bbox 608 2185 779 2248; x_wconf 87' lang='lat' dir='ltr'>confirmata</span> <span class='ocrx_word' id='word_1_127' title='bbox 809 2186 968 2250; x_wconf 91' lang='lat' dir='ltr'>manifeste</span> <span class='ocrx_word' id='word_1_128' title='bbox 993 2186 1157 2249; x_wconf 89' lang='lat' dir='ltr'>declarant.</span> <span class='ocrx_word' id='word_1_129' title='bbox 1190 2187 1228 2249; x_wconf 86' lang='lat' dir='ltr'>Et</span> <span class='ocrx_word' id='word_1_130' title='bbox 1252 2206 1328 2249; x_wconf 89' lang='lat' dir='ltr'>ecce</span> 
     </span>
     <span class='ocr_line' id='line_1_18' title="bbox 128 2290 1326 2378; baseline 0.003 -24"><span class='ocrx_word' id='word_1_131' title='bbox 128 2290 269 2355; x_wconf 91' lang='lat' dir='ltr'>dolentes</span> <span class='ocrx_word' id='word_1_132' title='bbox 286 2290 464 2363; x_wconf 90' lang='lat' dir='ltr'>audiuimus,</span> <span class='ocrx_word' id='word_1_133' title='bbox 481 2290 561 2376; x_wconf 90' lang='lat' dir='ltr'>quod</span> <span class='ocrx_word' id='word_1_134' title='bbox 577 2296 608 2354; x_wconf 90' lang='lat' dir='ltr'>tn</span> <span class='ocrx_word' id='word_1_135' title='bbox 630 2311 689 2356; x_wconf 92' lang='lat' dir='ltr'>non</span> <span class='ocrx_word' id='word_1_136' title='bbox 706 2290 801 2356; x_wconf 94' lang='lat' dir='ltr'>solum</span> <span class='ocrx_word' id='word_1_137' title='bbox 819 2314 877 2357; x_wconf 92' lang='lat' dir='ltr'>nnn</span> <span class='ocrx_word' id='word_1_138' title='bbox 893 2294 1041 2358; x_wconf 89' lang='lat' dir='ltr'>destitisti</span> <span class='ocrx_word' id='word_1_139' title='bbox 1057 2314 1110 2357; x_wconf 91' lang='lat' dir='ltr'>eos</span> <span class='ocrx_word' id='word_1_140' title='bbox 1126 2314 1220 2378; x_wconf 85' lang='lat' dir='ltr'>super</span> <span class='ocrx_word' id='word_1_141' title='bbox 1245 2299 1326 2357; x_wconf 90' lang='lat' dir='ltr'>terra</span> 
     </span>
     <span class='ocr_line' id='line_1_19' title="bbox 126 2399 1328 2485; baseline 0.001 -23"><span class='ocrx_word' id='word_1_142' title='bbox 126 2399 267 2483; x_wconf 86' lang='lat' dir='ltr'>predicta</span> <span class='ocrx_word' id='word_1_143' title='bbox 299 2399 475 2470; x_wconf 88' lang='lat' dir='ltr'>molestare,</span> <span class='ocrx_word' id='word_1_144' title='bbox 499 2419 585 2484; x_wconf 91' lang='lat' dir='ltr'>quam</span> <span class='ocrx_word' id='word_1_145' title='bbox 608 2417 667 2462; x_wconf 93' lang='lat' dir='ltr'>non</span> <span class='ocrx_word' id='word_1_146' title='bbox 691 2402 757 2463; x_wconf 88' lang='lat' dir='ltr'>sine</span> <span class='ocrx_word' id='word_1_147' title='bbox 777 2400 869 2464; x_wconf 91' lang='lat' dir='ltr'>multo</span> <span class='ocrx_word' id='word_1_148' title='bbox 886 2422 986 2465; x_wconf 89' lang='lat' dir='ltr'>rernm</span> <span class='ocrx_word' id='word_1_149' title='bbox 1006 2406 1036 2465; x_wconf 92' lang='lat' dir='ltr'>et</span> <span class='ocrx_word' id='word_1_150' title='bbox 1051 2420 1247 2485; x_wconf 88' lang='lat' dir='ltr'>personarum</span> <span class='ocrx_word' id='word_1_151' title='bbox 1265 2399 1328 2463; x_wconf 92' lang='lat' dir='ltr'>dis-</span> 
     </span>
     <span class='ocr_line' id='line_1_20' title="bbox 125 2506 1327 2592; baseline 0 -22"><span class='ocrx_word' id='word_1_152' title='bbox 125 2506 239 2590; x_wconf 90' lang='lat' dir='ltr'>pendio</span> <span class='ocrx_word' id='word_1_153' title='bbox 257 2508 433 2588; x_wconf 89' lang='lat' dir='ltr'>eripuerunt</span> <span class='ocrx_word' id='word_1_154' title='bbox 450 2526 503 2590; x_wconf 91' lang='lat' dir='ltr'>pro</span> <span class='ocrx_word' id='word_1_155' title='bbox 522 2526 628 2588; x_wconf 87' lang='lat' dir='ltr'>magna</span> <span class='ocrx_word' id='word_1_156' title='bbox 645 2511 731 2591; x_wconf 90' lang='lat' dir='ltr'>parte</span> <span class='ocrx_word' id='word_1_157' title='bbox 748 2507 884 2572; x_wconf 90' lang='lat' dir='ltr'>manibus</span> <span class='ocrx_word' id='word_1_158' title='bbox 901 2529 1101 2592; x_wconf 68' lang='lat' dir='ltr'>paganorum</span> <span class='ocrx_word' id='word_1_159' title='bbox 1114 2529 1218 2573; x_wconf 79' lang='lat' dir='ltr'>verum</span> <span class='ocrx_word' id='word_1_160' title='bbox 1235 2509 1327 2572; x_wconf 89' lang='lat' dir='ltr'>otiam</span> 
     </span>
     <span class='ocr_line' id='line_1_21' title="bbox 126 2615 1327 2701; baseline 0.002 -25"><span class='ocrx_word' id='word_1_161' title='bbox 126 2615 214 2698; x_wconf 92' lang='lat' dir='ltr'>ipsos</span> <span class='ocrx_word' id='word_1_162' title='bbox 246 2615 284 2677; x_wconf 91' lang='lat' dir='ltr'>de</span> <span class='ocrx_word' id='word_1_163' title='bbox 315 2633 411 2695; x_wconf 85' lang='lat' dir='ltr'>regno</span> <span class='ocrx_word' id='word_1_164' title='bbox 442 2621 492 2678; x_wconf 89' lang='lat' dir='ltr'>tuo</span> <span class='ocrx_word' id='word_1_165' title='bbox 524 2635 583 2677; x_wconf 94' lang='lat' dir='ltr'>non</span> <span class='ocrx_word' id='word_1_166' title='bbox 615 2615 681 2679; x_wconf 93' lang='lat' dir='ltr'>sine</span> <span class='ocrx_word' id='word_1_167' title='bbox 708 2617 795 2698; x_wconf 82' lang='lat' dir='ltr'>grani</span> <span class='ocrx_word' id='word_1_168' title='bbox 821 2619 987 2701; x_wconf 90' lang='lat' dir='ltr'>apostolice</span> <span class='ocrx_word' id='word_1_169' title='bbox 1023 2617 1106 2680; x_wconf 87' lang='lat' dir='ltr'>sedis</span> <span class='ocrx_word' id='word_1_170' title='bbox 1129 2615 1256 2687; x_wconf 88' lang='lat' dir='ltr'>iniuria,</span> <span class='ocrx_word' id='word_1_171' title='bbox 1296 2621 1327 2678; x_wconf 88' lang='lat' dir='ltr'>et</span> 
     </span>
     <span class='ocr_line' id='line_1_22' title="bbox 127 2719 1324 2808; baseline -0.002 -22"><span class='ocrx_word' id='word_1_172' title='bbox 127 2723 242 2786; x_wconf 85' lang='lat' dir='ltr'>offensa</span> <span class='ocrx_word' id='word_1_173' title='bbox 272 2721 388 2794; x_wconf 88' lang='lat' dir='ltr'>diuina,</span> <span class='ocrx_word' id='word_1_174' title='bbox 422 2725 532 2804; x_wconf 89' lang='lat' dir='ltr'>tueque</span> <span class='ocrx_word' id='word_1_175' title='bbox 559 2723 653 2794; x_wconf 87' lang='lat' dir='ltr'>fame,</span> <span class='ocrx_word' id='word_1_176' title='bbox 689 2744 724 2786; x_wconf 93' lang='lat' dir='ltr'>ac</span> <span class='ocrx_word' id='word_1_177' title='bbox 742 2719 745 2730; x_wconf 76' lang='grc'><strong>’</strong></span> <span class='ocrx_word' id='word_1_178' title='bbox 760 2723 865 2787; x_wconf 90' lang='lat' dir='ltr'>salutis</span> <span class='ocrx_word' id='word_1_179' title='bbox 899 2724 1034 2808; x_wconf 89' lang='lat' dir='ltr'>periculo</span> <span class='ocrx_word' id='word_1_180' title='bbox 1061 2722 1190 2786; x_wconf 87' lang='lat' dir='ltr'>eiecisti.</span> <span class='ocrx_word' id='word_1_181' title='bbox 1232 2720 1324 2784; x_wconf 85' lang='lat' dir='ltr'>Certe</span> 
     </span>
     <span class='ocr_line' id='line_1_23' title="bbox 127 2827 1327 2915; baseline -0.002 -22"><span class='ocrx_word' id='word_1_182' title='bbox 127 2833 215 2914; x_wconf 89' lang='lat' dir='ltr'>piget</span> <span class='ocrx_word' id='word_1_183' title='bbox 239 2834 271 2893; x_wconf 90' lang='lat' dir='ltr'>et</span> <span class='ocrx_word' id='word_1_184' title='bbox 293 2829 387 2913; x_wconf 91' lang='lat' dir='ltr'>pudet</span> <span class='ocrx_word' id='word_1_185' title='bbox 410 2830 499 2892; x_wconf 90' lang='lat' dir='ltr'>toties</span> <span class='ocrx_word' id='word_1_186' title='bbox 522 2827 575 2892; x_wconf 88' lang='lat' dir='ltr'>tibi</span> <span class='ocrx_word' id='word_1_187' title='bbox 597 2850 721 2911; x_wconf 89' lang='lat' dir='ltr'>precum</span> <span class='ocrx_word' id='word_1_188' title='bbox 746 2837 916 2895; x_wconf 89' lang='lat' dir='ltr'>nostrarum</span> <span class='ocrx_word' id='word_1_189' title='bbox 933 2832 1092 2914; x_wconf 85' lang='lat' dir='ltr'>porrigere</span> <span class='ocrx_word' id='word_1_190' title='bbox 1110 2829 1327 2915; x_wconf 72' lang='lat' dir='ltr'>blandimenta,</span> 
     </span>
     <span class='ocr_line' id='line_1_24' title="bbox 127 2936 1326 3022; baseline -0.002 -21"><span class='ocrx_word' id='word_1_191' title='bbox 127 2940 281 3021; x_wconf 88' lang='lat' dir='ltr'>totiesque</span> <span class='ocrx_word' id='word_1_192' title='bbox 304 2937 364 3001; x_wconf 90' lang='lat' dir='ltr'>tuis</span> <span class='ocrx_word' id='word_1_193' title='bbox 381 2936 502 3000; x_wconf 89' lang='lat' dir='ltr'>auribus</span> <span class='ocrx_word' id='word_1_194' title='bbox 523 2937 675 3001; x_wconf 91' lang='lat' dir='ltr'>inculcare</span> <span class='ocrx_word' id='word_1_195' title='bbox 697 2941 814 3021; x_wconf 91' lang='lat' dir='ltr'>piorum</span> <span class='ocrx_word' id='word_1_196' title='bbox 831 2941 963 3022; x_wconf 88' lang='lat' dir='ltr'>premia,</span> <span class='ocrx_word' id='word_1_197' title='bbox 994 2943 1025 3002; x_wconf 90' lang='lat' dir='ltr'>et</span> <span class='ocrx_word' id='word_1_198' title='bbox 1048 2938 1197 3021; x_wconf 88' lang='lat' dir='ltr'>supplicia</span> <span class='ocrx_word' id='word_1_199' title='bbox 1215 2937 1326 3019; x_wconf 89' lang='lat' dir='ltr'>impio-</span> 
     </span>
     <span class='ocr_line' id='line_1_25' title="bbox 127 3037 1327 3130; baseline -0.002 -22"><span class='ocrx_word' id='word_1_200' title='bbox 127 3066 211 3120; x_wconf 92' lang='lat' dir='ltr'>rum;</span> <span class='ocrx_word' id='word_1_201' title='bbox 230 3065 296 3108; x_wconf 91' lang='lat' dir='ltr'>cum</span> <span class='ocrx_word' id='word_1_202' title='bbox 314 3063 371 3106; x_wconf 89' lang='lat' dir='ltr'>nec</span> <span class='ocrx_word' id='word_1_203' title='bbox 388 3065 443 3127; x_wconf 94' lang='lat' dir='ltr'>spe</span> <span class='ocrx_word' id='word_1_204' title='bbox 459 3037 639 3126; x_wconf 88' lang='lat' dir='ltr'>premiorum</span> <span class='ocrx_word' id='word_1_205' title='bbox 663 3045 795 3116; x_wconf 90' lang='lat' dir='ltr'>illectus,</span> <span class='ocrx_word' id='word_1_206' title='bbox 818 3067 875 3109; x_wconf 92' lang='lat' dir='ltr'>nec</span> <span class='ocrx_word' id='word_1_207' title='bbox 894 3047 1110 3130; x_wconf 87' lang='lat' dir='ltr'>suppliciorum</span> <span class='ocrx_word' id='word_1_208' title='bbox 1128 3050 1209 3108; x_wconf 91' lang='lat' dir='ltr'>metu</span> <span class='ocrx_word' id='word_1_209' title='bbox 1225 3044 1327 3107; x_wconf 89' lang='lat' dir='ltr'>deter-</span> 
     </span>
     <span class='ocr_line' id='line_1_26' title="bbox 129 3152 1326 3239; baseline -0.002 -23"><span class='ocrx_word' id='word_1_210' title='bbox 129 3157 221 3224; x_wconf 91' lang='lat' dir='ltr'>ritus,</span> <span class='ocrx_word' id='word_1_211' title='bbox 250 3153 363 3216; x_wconf 90' lang='lat' dir='ltr'>nostris</span> <span class='ocrx_word' id='word_1_212' title='bbox 391 3152 572 3216; x_wconf 89' lang='lat' dir='ltr'>salutaribus</span> <span class='ocrx_word' id='word_1_213' title='bbox 593 3153 713 3216; x_wconf 93' lang='lat' dir='ltr'>monitis</span> <span class='ocrx_word' id='word_1_214' title='bbox 737 3159 767 3216; x_wconf 92' lang='lat' dir='ltr'>et</span> <span class='ocrx_word' id='word_1_215' title='bbox 789 3153 933 3236; x_wconf 88' lang='lat' dir='ltr'>precibus</span> <span class='ocrx_word' id='word_1_216' title='bbox 963 3155 1157 3239; x_wconf 89' lang='lat' dir='ltr'>acquiescas;</span> <span class='ocrx_word' id='word_1_217' title='bbox 1179 3153 1326 3237; x_wconf 91' lang='lat' dir='ltr'>quinimo</span> 
     </span>
     <span class='ocr_line' id='line_1_27' title="bbox 129 3261 1325 3345; baseline -0.002 -21"><span class='ocrx_word' id='word_1_218' title='bbox 129 3261 325 3345; x_wconf 88' lang='lat' dir='ltr'>prosequaris</span> <span class='ocrx_word' id='word_1_219' title='bbox 354 3264 438 3344; x_wconf 87' lang='lat' dir='ltr'>quasi</span> <span class='ocrx_word' id='word_1_220' title='bbox 468 3261 536 3324; x_wconf 92' lang='lat' dir='ltr'>odio</span> <span class='ocrx_word' id='word_1_221' title='bbox 566 3261 740 3325; x_wconf 84' lang='lat' dir='ltr'>inexorabili</span> <span class='ocrx_word' id='word_1_222' title='bbox 764 3263 876 3324; x_wconf 92' lang='lat' dir='ltr'>fratres</span> <span class='ocrx_word' id='word_1_223' title='bbox 903 3262 1002 3345; x_wconf 90' lang='lat' dir='ltr'>ipsos,</span> <span class='ocrx_word' id='word_1_224' title='bbox 1031 3281 1089 3324; x_wconf 95' lang='lat' dir='ltr'>non</span> <span class='ocrx_word' id='word_1_225' title='bbox 1115 3265 1176 3323; x_wconf 90' lang='lat' dir='ltr'>tam</span> <span class='ocrx_word' id='word_1_226' title='bbox 1202 3265 1325 3323; x_wconf 89' lang='lat' dir='ltr'>nostras</span> 
     </span>
     <span class='ocr_line' id='line_1_28' title="bbox 128 3365 1325 3452; baseline -0.004 -19"><span class='ocrx_word' id='word_1_227' title='bbox 128 3370 310 3433; x_wconf 89' lang='lat' dir='ltr'>monitiones</span> <span class='ocrx_word' id='word_1_228' title='bbox 328 3372 358 3431; x_wconf 94' lang='lat' dir='ltr'>et</span> <span class='ocrx_word' id='word_1_229' title='bbox 373 3388 494 3451; x_wconf 90' lang='lat' dir='ltr'>preces,</span> <span class='ocrx_word' id='word_1_230' title='bbox 511 3389 596 3452; x_wconf 90' lang='lat' dir='ltr'>quam</span> <span class='ocrx_word' id='word_1_231' title='bbox 613 3370 720 3432; x_wconf 89' lang='lat' dir='ltr'>famam</span> <span class='ocrx_word' id='word_1_232' title='bbox 739 3376 768 3432; x_wconf 92' lang='lat' dir='ltr'>et</span> <span class='ocrx_word' id='word_1_233' title='bbox 785 3367 911 3432; x_wconf 88' lang='lat' dir='ltr'>salutern</span> <span class='ocrx_word' id='word_1_234' title='bbox 928 3371 1078 3452; x_wconf 88' lang='lat' dir='ltr'>propriam</span> <span class='ocrx_word' id='word_1_235' title='bbox 1096 3365 1325 3431; x_wconf 88' lang='lat' dir='ltr'>contemnendo.</span> 
     </span>
     <span class='ocr_line' id='line_1_29' title="bbox 129 3475 1326 3560; baseline -0.002 -22"><span class='ocrx_word' id='word_1_236' title='bbox 129 3477 168 3539; x_wconf 79' lang='lat' dir='ltr'>ut</span> <span class='ocrx_word' id='word_1_237' title='bbox 179 3482 292 3550; x_wconf 90' lang='lat' dir='ltr'>tamen,</span> <span class='ocrx_word' id='word_1_238' title='bbox 301 3475 367 3557; x_wconf 82' lang='lat' dir='ltr'>quia</span> <span class='ocrx_word' id='word_1_239' title='bbox 387 3497 442 3540; x_wconf 91' lang='lat' dir='ltr'>nec</span> <span class='ocrx_word' id='word_1_240' title='bbox 459 3497 695 3560; x_wconf 89' lang='lat' dir='ltr'>possumus,nec</span> <span class='ocrx_word' id='word_1_241' title='bbox 709 3476 855 3540; x_wconf 87' lang='lat' dir='ltr'>debemus</span> <span class='ocrx_word' id='word_1_242' title='bbox 870 3477 995 3557; x_wconf 84' lang='lat' dir='ltr'>indigne</span> <span class='ocrx_word' id='word_1_243' title='bbox 1012 3477 1187 3541; x_wconf 91' lang='lat' dir='ltr'>eorumdem</span> <span class='ocrx_word' id='word_1_244' title='bbox 1201 3475 1326 3538; x_wconf 86' lang='lat' dir='ltr'>fratrum</span> 
     </span>
     <span class='ocr_line' id='line_1_30' title="bbox 130 3583 1326 3669; baseline -0.003 -21"><span class='ocrx_word' id='word_1_245' title='bbox 130 3586 322 3648; x_wconf 89' lang='lat' dir='ltr'>dissimulare</span> <span class='ocrx_word' id='word_1_246' title='bbox 339 3586 522 3665; x_wconf 83' lang='lat' dir='ltr'>grauamina,</span> <span class='ocrx_word' id='word_1_247' title='bbox 540 3605 615 3669; x_wconf 89' lang='lat' dir='ltr'>quos</span> <span class='ocrx_word' id='word_1_248' title='bbox 631 3589 768 3648; x_wconf 90' lang='lat' dir='ltr'>tenemur</span> <span class='ocrx_word' id='word_1_249' title='bbox 792 3583 968 3656; x_wconf 84' lang='lat' dir='ltr'>defendere,</span> <span class='ocrx_word' id='word_1_250' title='bbox 992 3604 1027 3646; x_wconf 89' lang='lat' dir='ltr'>ac</span> <span class='ocrx_word' id='word_1_251' title='bbox 1050 3583 1167 3654; x_wconf 89' lang='lat' dir='ltr'>fouere,</span> <span class='ocrx_word' id='word_1_252' title='bbox 1191 3587 1253 3645; x_wconf 91' lang='lat' dir='ltr'>turn</span> <span class='ocrx_word' id='word_1_253' title='bbox 1271 3601 1326 3644; x_wconf 90' lang='lat' dir='ltr'>sue</span> 
     </span>
     <span class='ocr_line' id='line_1_31' title="bbox 130 3690 1325 3775; baseline -0.005 -19"><span class='ocrx_word' id='word_1_254' title='bbox 130 3693 290 3774; x_wconf 86' lang='lat' dir='ltr'>religionis</span> <span class='ocrx_word' id='word_1_255' title='bbox 315 3691 447 3764; x_wconf 90' lang='lat' dir='ltr'>obtentu,</span> <span class='ocrx_word' id='word_1_256' title='bbox 469 3697 529 3756; x_wconf 91' lang='lat' dir='ltr'>tum</span> <span class='ocrx_word' id='word_1_257' title='bbox 552 3696 695 3775; x_wconf 90' lang='lat' dir='ltr'>respectu</span> <span class='ocrx_word' id='word_1_258' title='bbox 719 3691 894 3774; x_wconf 84' lang='lat' dir='ltr'>specialiter</span> <span class='ocrx_word' id='word_1_259' title='bbox 922 3698 1004 3754; x_wconf 91' lang='lat' dir='ltr'>terre</span> <span class='ocrx_word' id='word_1_260' title='bbox 1033 3698 1152 3762; x_wconf 91' lang='lat' dir='ltr'>sancte,</span> <span class='ocrx_word' id='word_1_261' title='bbox 1183 3690 1268 3752; x_wconf 90' lang='lat' dir='ltr'>cuius</span> <span class='ocrx_word' id='word_1_262' title='bbox 1291 3709 1325 3750; x_wconf 92' lang='lat' dir='ltr'>se</span> 
     </span>
     <span class='ocr_line' id='line_1_32' title="bbox 132 3798 1325 3884; baseline -0.008 -18"><span class='ocrx_word' id='word_1_263' title='bbox 132 3800 288 3884; x_wconf 89' lang='lat' dir='ltr'>obsequiis</span> <span class='ocrx_word' id='word_1_264' title='bbox 305 3800 438 3863; x_wconf 88' lang='lat' dir='ltr'>totaliter</span> <span class='ocrx_word' id='word_1_265' title='bbox 456 3800 660 3871; x_wconf 88' lang='lat' dir='ltr'>deuouerunt;</span> <span class='ocrx_word' id='word_1_266' title='bbox 685 3799 783 3862; x_wconf 91' lang='lat' dir='ltr'>adbuc</span> <span class='ocrx_word' id='word_1_267' title='bbox 799 3819 854 3882; x_wconf 91' lang='lat' dir='ltr'>pro</span> <span class='ocrx_word' id='word_1_268' title='bbox 872 3802 918 3862; x_wconf 92' lang='lat' dir='ltr'>eis</span> <span class='ocrx_word' id='word_1_269' title='bbox 934 3800 1071 3880; x_wconf 83' lang='lat' dir='ltr'>cogimur</span> <span class='ocrx_word' id='word_1_270' title='bbox 1093 3817 1203 3879; x_wconf 89' lang='lat' dir='ltr'>preces</span> <span class='ocrx_word' id='word_1_271' title='bbox 1218 3798 1325 3878; x_wconf 88' lang='lat' dir='ltr'>preci·</span> 
     </span>
     <span class='ocr_line' id='line_1_33' title="bbox 130 3905 1324 3989; baseline -0.005 -16"><span class='ocrx_word' id='word_1_272' title='bbox 130 3909 199 3982; x_wconf 92' lang='lat' dir='ltr'>bus,</span> <span class='ocrx_word' id='word_1_273' title='bbox 222 3918 254 3971; x_wconf 91' lang='lat' dir='ltr'>et</span> <span class='ocrx_word' id='word_1_274' title='bbox 281 3906 502 3971; x_wconf 82' lang='lat' dir='ltr'>exhortationes</span> <span class='ocrx_word' id='word_1_275' title='bbox 526 3907 784 3972; x_wconf 85' lang='lat' dir='ltr'>exhortationibus</span> <span class='ocrx_word' id='word_1_276' title='bbox 808 3907 959 3970; x_wconf 91' lang='lat' dir='ltr'>cumulare</span> <span class='ocrx_word' id='word_1_277' title='bbox 983 3925 1039 3988; x_wconf 93' lang='lat' dir='ltr'>pro</span> <span class='ocrx_word' id='word_1_278' title='bbox 1062 3906 1195 3987; x_wconf 90' lang='lat' dir='ltr'>ipsorum</span> <span class='ocrx_word' id='word_1_279' title='bbox 1212 3905 1324 3989; x_wconf 90' lang='lat' dir='ltr'>quiete,</span> 
     </span>
     <span class='ocr_line' id='line_1_34' title="bbox 133 4013 1325 4096; baseline -0.008 -14"><span class='ocrx_word' id='word_1_280' title='bbox 133 4039 170 4082; x_wconf 89' lang='lat' dir='ltr'>ac</span> <span class='ocrx_word' id='word_1_281' title='bbox 193 4022 242 4080; x_wconf 91' lang='lat' dir='ltr'>tua</span> <span class='ocrx_word' id='word_1_282' title='bbox 268 4015 364 4079; x_wconf 89' lang='lat' dir='ltr'>salute</span> <span class='ocrx_word' id='word_1_283' title='bbox 387 4015 577 4079; x_wconf 92' lang='lat' dir='ltr'>nihilominus</span> <span class='ocrx_word' id='word_1_284' title='bbox 601 4019 785 4096; x_wconf 81' lang='lat' dir='ltr'>satagentes.</span> <span class='ocrx_word' id='word_1_285' title='bbox 820 4014 970 4095; x_wconf 82' lang='lat' dir='ltr'>Rogamus</span> <span class='ocrx_word' id='word_1_286' title='bbox 1001 4013 1096 4094; x_wconf 84' lang='lat' dir='ltr'>igitur</span> <span class='ocrx_word' id='word_1_287' title='bbox 1133 4013 1325 4076; x_wconf 87' lang='lat' dir='ltr'>serenitatem</span> 
     </span>
     <span class='ocr_line' id='line_1_35' title="bbox 129 4119 1325 4201; baseline -0.007 -13"><span class='ocrx_word' id='word_1_288' title='bbox 129 4130 221 4197; x_wconf 84' lang='lat' dir='ltr'>tuam,</span> <span class='ocrx_word' id='word_1_289' title='bbox 244 4143 409 4196; x_wconf 90' lang='lat' dir='ltr'>monemus,</span> <span class='ocrx_word' id='word_1_290' title='bbox 438 4127 468 4186; x_wconf 90' lang='lat' dir='ltr'>et</span> <span class='ocrx_word' id='word_1_291' title='bbox 492 4122 684 4187; x_wconf 88' lang='lat' dir='ltr'>obsecramus</span> <span class='ocrx_word' id='word_1_292' title='bbox 714 4123 745 4184; x_wconf 95' lang='lat' dir='ltr'>in</span> <span class='ocrx_word' id='word_1_293' title='bbox 768 4122 887 4186; x_wconf 90' lang='lat' dir='ltr'>domino</span> <span class='ocrx_word' id='word_1_294' title='bbox 909 4120 985 4184; x_wconf 85' lang='lat' dir='ltr'>Jesu</span> <span class='ocrx_word' id='word_1_295' title='bbox 1017 4119 1149 4189; x_wconf 84' lang='lat' dir='ltr'>Christo,</span> <span class='ocrx_word' id='word_1_296' title='bbox 1178 4125 1325 4201; x_wconf 89' lang='lat' dir='ltr'>quatenus</span> 
     </span>
     <span class='ocr_line' id='line_1_36' title="bbox 129 4226 1318 4319; baseline -0.008 -22"><span class='ocrx_word' id='word_1_297' title='bbox 129 4233 296 4319; x_wconf 87' lang='lat' dir='ltr'>prudenter</span> <span class='ocrx_word' id='word_1_298' title='bbox 327 4232 495 4304; x_wconf 89' lang='lat' dir='ltr'>attendens,</span> <span class='ocrx_word' id='word_1_299' title='bbox 527 4229 607 4316; x_wconf 91' lang='lat' dir='ltr'>qnod</span> <span class='ocrx_word' id='word_1_300' title='bbox 638 4234 783 4316; x_wconf 84' lang='lat' dir='ltr'>prefatam</span> <span class='ocrx_word' id='word_1_301' title='bbox 801 4235 913 4294; x_wconf 89' lang='lat' dir='ltr'>terram</span> <span class='ocrx_word' id='word_1_302' title='bbox 934 4251 992 4294; x_wconf 94' lang='lat' dir='ltr'>non</span> <span class='ocrx_word' id='word_1_303' title='bbox 1015 4227 1124 4294; x_wconf 91' lang='lat' dir='ltr'>dedisti</span> <span class='ocrx_word' id='word_1_304' title='bbox 1142 4226 1318 4297; x_wconf 89' lang='lat' dir='ltr'>hominibus,</span> 
     </span>
     <span class='ocr_line' id='line_1_37' title="bbox 129 4321 1322 4426; baseline -0.01 -21"><span class='ocrx_word' id='word_1_305' title='bbox 129 4343 189 4405; x_wconf 92' lang='lat' dir='ltr'>imo</span> <span class='ocrx_word' id='word_1_306' title='bbox 206 4343 280 4414; x_wconf 90' lang='lat' dir='ltr'>deo;</span> <span class='ocrx_word' id='word_1_307' title='bbox 308 4362 398 4426; x_wconf 88' lang='lat' dir='ltr'>aquo</span> <span class='ocrx_word' id='word_1_308' title='bbox 413 4339 509 4404; x_wconf 87' lang='lat' dir='ltr'>habes</span> <span class='ocrx_word' id='word_1_309' title='bbox 525 4321 583 4406; x_wconf 91' lang='lat' dir='ltr'>non</span> <span class='ocrx_word' id='word_1_310' title='bbox 611 4339 708 4404; x_wconf 94' lang='lat' dir='ltr'>solum</span> <span class='ocrx_word' id='word_1_311' title='bbox 724 4343 782 4412; x_wconf 90' lang='lat' dir='ltr'>tua,</span> <span class='ocrx_word' id='word_1_312' title='bbox 801 4340 855 4403; x_wconf 87' lang='lat' dir='ltr'>sed</span> <span class='ocrx_word' id='word_1_313' title='bbox 872 4340 961 4402; x_wconf 90' lang='lat' dir='ltr'>etiam</span> <span class='ocrx_word' id='word_1_314' title='bbox 985 4337 1188 4417; x_wconf 87' lang='lat' dir='ltr'>temetipsum,</span> <span class='ocrx_word' id='word_1_315' title='bbox 1211 4333 1322 4395; x_wconf 90' lang='lat' dir='ltr'>fratres</span> 
     </span>
     <span class='ocr_line' id='line_1_38' title="bbox 129 4440 1322 4535; baseline -0.009 -22"><span class='ocrx_word' id='word_1_316' title='bbox 129 4450 213 4535; x_wconf 90' lang='lat' dir='ltr'>ipsos</span> <span class='ocrx_word' id='word_1_317' title='bbox 229 4450 260 4512; x_wconf 95' lang='lat' dir='ltr'>in</span> <span class='ocrx_word' id='word_1_318' title='bbox 287 4469 413 4531; x_wconf 83' lang='lat' dir='ltr'>regnum</span> <span class='ocrx_word' id='word_1_319' title='bbox 440 4453 522 4513; x_wconf 91' lang='lat' dir='ltr'>tuum</span> <span class='ocrx_word' id='word_1_320' title='bbox 540 4469 597 4512; x_wconf 94' lang='lat' dir='ltr'>non</span> <span class='ocrx_word' id='word_1_321' title='bbox 613 4448 736 4512; x_wconf 85' lang='lat' dir='ltr'>differas</span> <span class='ocrx_word' id='word_1_322' title='bbox 759 4468 907 4513; x_wconf 89' lang='lat' dir='ltr'>reuocare</span> <span class='ocrx_word' id='word_1_323' title='bbox 914 4469 924 4521; x_wconf 91' lang='lat'>;</span> <span class='ocrx_word' id='word_1_324' title='bbox 947 4447 1121 4515; x_wconf 90' lang='lat' dir='ltr'>restituens,</span> <span class='ocrx_word' id='word_1_325' title='bbox 1145 4458 1180 4506; x_wconf 89' lang='lat' dir='ltr'>ac</span> <span class='ocrx_word' id='word_1_326' title='bbox 1203 4440 1322 4504; x_wconf 90' lang='lat' dir='ltr'>restitui</span> 
     </span>
    </p>
   </div>
   <div class='ocr_carea' id='block_1_7' title="bbox 0 0 1580 5092">
    <p class='ocr_par' dir='ltr' id='par_1_7' title="bbox 0 0 1580 5092">
     <span class='ocr_line' id='line_1_39' title="bbox 0 0 1580 5092; baseline 0 0"><span class='ocrx_word' id='word_1_327' title='bbox 0 0 1580 5092; x_wconf 95' lang='lat' dir='ltr'> </span> 
     </span>
    </p>
   </div>
  </div>
 </body>
</html>
