3150 5092
1222 286 1272 360 85

65 453 270 518 ferventiora
292 454 445 519 fidelitatis
467 455 611 543 obsequia
635 461 747 523 crescit
769 459 911 534 affectus,
936 468 967 524 et
989 463 1137 527 excitatur
1153 463 1272 527 devotio

11 546 15 707 ἰ
66 562 303 644 subjectorum.
320 565 365 627 Ad
383 565 589 631 universorum
602 568 693 650 igitur
702 569 835 633 notitiam
847 570 982 634 volumus
998 572 1168 654 pervenire.
1186 571 1272 653 Quod

10 720 13 752 s
66 691 142 734 cum
156 673 298 755 hospites
316 689 356 720 —‘
374 673 411 736 de
426 675 553 740 Karako
569 680 599 739 et
615 677 652 739 de
669 677 747 764 ipen
762 698 818 761 per
834 677 999 743 descensus
1021 681 1178 743 continuos
1206 682 1273 763 vaj-

67 781 163 844 vude
175 780 399 864 Transylvanie
413 802 466 865 pru
482 789 618 866 tempore
641 787 797 850 existentis
820 787 1048 871 querelarentur
1064 788 1221 873 plurimum
1238 812 1273 854 se

69 891 216 970 gravari,
234 889 367 975 querelis
384 892 472 954 etiam
488 892 716 977 propulsassent
733 895 931 980 sequentibus
949 917 1037 960 aures
1054 904 1182 970 nostras,
1193 899 1273 983 qood

70 997 147 1060 vice
159 999 258 1080 judex
285 999 407 1080 vajvode
423 1021 478 1083 pro
495 1006 632 1085 tempore
648 1005 838 1075 constitutus,
854 1023 909 1068 suo
928 1027 981 1068 eos
1000 1005 1119 1070 adstare
1137 1007 1272 1091 compel-

71 1106 146 1170 lens
160 1107 292 1189 judicio,
310 1107 459 1172 multoties
477 1108 612 1174 alliceret
628 1113 750 1176 eosdem
766 1113 919 1178 laboribus
939 1117 1132 1197 sumptuosis,
1148 1115 1273 1198 vajvoda

75 1219 170 1280 etiam
189 1219 277 1302 ipsos
300 1223 403 1282 contra
422 1219 590 1284 libertatem
607 1242 720 1294 eorum,
737 1221 915 1304 placitantes
930 1221 971 1284 mi
982 1267 1096 1286 ......
1119 1222 1272 1288 evocando

79 1347 209 1390 examen
235 1327 407 1390 damnorum
431 1332 461 1392 et
478 1327 611 1393 laborum
626 1350 788 1412 gravamen
805 1331 955 1412 irrogaret
970 1327 1101 1402 eisdem,
1126 1351 1181 1394 nos
1198 1351 1273 1394 con·

83 1435 308 1500 descendentes
326 1437 468 1520 querelis,
482 1442 512 1500 et
523 1437 615 1518 justis
631 1439 764 1504 inclinati
786 1438 928 1522 precibus
949 1437 1123 1510 eorundem,
1145 1441 1272 1522 gratiam

79 1545 126 1606 eis
142 1545 369 1628 infrascriptam
385 1546 511 1610 fecimus
527 1547 557 1610 in
573 1548 741 1633 premissis.
754 1547 896 1612 Volumus
912 1548 1013 1629 igitur,
1027 1551 1059 1611 el
1073 1548 1150 1631 ipsis
1164 1548 1271 1633 hospi·

76 1652 162 1716 tibus
179 1654 293 1718 nostris
310 1654 550 1719 irrevocabiliter
561 1655 765 1737 indulgentes,
782 1655 861 1740 quod
884 1656 981 1720 nullus
1004 1657 1121 1720 omnino
1146 1657 1272 1740 vajvoda

76 1762 309 1848 'l'ransylvanus
337 1783 465 1846 presens
493 1763 542 1826 vel
565 1763 699 1835 futurus,
732 1761 842 1828 debeat
863 1770 894 1827 et
915 1771 1069 1847 presumat
1089 1766 1269 1831 descensum

76 1870 189 1934 facere
208 1919 322 1936 .....
340 1877 411 1934 tunc
438 1871 571 1945 demum,
600 1856 666 1935 cum
692 1871 866 1956 aliquando,
889 1873 968 1957 quod
996 1871 1090 1944 absit,
1113 1875 1215 1954 gravis
1241 1880 1273 1939 et

80 1981 233 2062 inurgens
256 2000 350 2061 regno
376 1986 478 2044 nostro
503 1981 670 2044 immineret
691 1981 869 2054 adversitas,
887 1987 1012 2065 propter
1033 1982 1119 2064 cujus
1135 1985 1273 2047 necessi·

79 2093 178 2152 tatem
206 2090 383 2161 instantem,
413 2091 509 2172 ipsum
537 2088 691 2171 vajvodam
717 2089 817 2153 debita
839 2089 1043 2153 sollicitudine
1065 2091 1268 2174 invigilantem

78 2196 253 2261 defensioni
278 2207 307 2261 et
329 2199 470 2261 remediis
489 2199 576 2279 regni
604 2201 700 2261 nostri
724 2197 920 2282 Transplvani
942 2204 1097 2281 oporteret
1114 2200 1266 2265 divertere

82 2307 120 2370 ad
136 2306 295 2390 predictos
310 2305 446 2390 hospites
463 2313 593 2382 nostros,
611 2324 678 2370 eum
695 2306 726 2368 in
743 2327 778 2370 eo
797 2326 868 2370 casu
885 2306 979 2390 ipsius
1003 2307 1147 2373 adventus
1164 2310 1272 2394 hospi·

78 2415 160 2478 tibus
179 2417 291 2478 nostris
303 2415 446 2499 predictis
464 2415 521 2478 affe
536 2462 653 2480 ......
667 2436 725 2486 um,
743 2420 773 2478 et
789 2414 922 2486 tutelam,
935 2396 967 2477 in
983 2435 1040 2499 quo
1054 2437 1127 2482 casu
1144 2417 1272 2481 eundem

80 2522 320 2589 descendentem
344 2524 496 2612 intereos
521 2523 665 2596 libenter,
697 2530 728 2589 et
750 2524 917 2589 liberaliter
944 2525 1147 2607 procurabunt
1156 2547 1165 2598 ;
1198 2547 1271 2610 pre·

78 2641 168 2697 terea
186 2631 330 2708 volumus,
353 2640 384 2697 ut
400 2633 534 2714 vajvoda,
554 2633 603 2716 qui
621 2653 698 2696 nunc
715 2640 771 2709 est,
796 2633 843 2696 vel
859 2633 950 2696 fuerit
966 2635 997 2696 in
1013 2635 1156 2706 futurum,
1174 2634 1272 2698 dictos

79 2745 220 2826 hospites
239 2745 355 2805 nostros
371 2763 462 2827 super
480 2761 656 2827 quacunque
673 2761 762 2806 causa
784 2741 936 2822 litigantes
957 2743 1036 2806 inter
1053 2764 1096 2814 se,
1116 2741 1271 2824 judicandi

79 2872 141 2916 non
159 2849 270 2914 habeat
284 2849 465 2922 facultatem,
483 2851 540 2914 nisi
556 2852 635 2914 forte
652 2851 699 2914 vel
715 2851 773 2934 ipsi
799 2850 925 2934 aliquem
949 2858 1132 2923 extraneum,
1148 2849 1198 2915 vel
1215 2850 1270 2914 ali-

80 2963 151 3047 quis
181 2965 338 3023 extraneus
361 3006 479 3022 ......
509 2957 635 3040 vajvode
658 2958 724 3039 judi
748 3007 867 3022 ......
893 2966 1042 3024 evocaret.
1078 2961 1152 3024 llice
1176 2959 1269 3041 judex

79 3076 184 3134 tamen
207 3068 332 3150 vajvode
348 3069 379 3130 in
397 3066 476 3131 nullo
500 3088 571 3131 casu
593 3069 676 3152 ipsos
700 3069 836 3151 hospites
861 3074 980 3133 nostros
997 3069 1109 3152 poterit
1121 3066 1271 3149 judicare.

80 3179 127 3242 Ad
144 3178 204 3242 hee
224 3197 290 3241 eum
308 3176 380 3241 dicti
406 3179 541 3260 hospites
564 3177 660 3240 nostri
675 3182 786 3239 terram
806 3198 861 3260 pro
884 3178 1065 3260 agricultura
1090 3180 1119 3240 et
1140 3198 1196 3240 usu
1218 3197 1272 3240 suo

82 3287 283 3352 sufficientem
301 3307 358 3349 non
383 3284 540 3357 haberent,
558 3284 703 3370 quandam
721 3290 833 3348 terram
850 3287 946 3349 nostri
964 3285 1055 3347 castri
1072 3282 1212 3347 Albensis
1236 3284 1274 3347 atl

82 3402 218 3460 nostram
232 3394 419 3457 collationem
434 3395 642 3477 pertinentem,
657 3394 809 3476 Gyumurd
824 3398 968 3466 vocatam,
982 3398 1013 3456 et
1024 3411 1145 3456 vacuam
1159 3391 1273 3456 eisdem

82 3504 292 3570 concessimus
320 3504 358 3567 de
386 3503 492 3567 liberal
506 3549 625 3566 ......
639 3524 686 3566 mo
710 3503 781 3583 jure
808 3503 1020 3586 possidendam
1050 3507 1214 3586 perpetuo,
1243 3507 1274 3565 et

5 3673 6 3678 ,
81 3615 162 3679 hanc
177 3617 289 3676 terram
307 3617 511 3676 concessimus
536 3613 650 3700 eisdem
668 3632 736 3676 cum
765 3612 901 3676 omnibus
925 3611 1103 3675 utilitatibus
1126 3614 1157 3673 et
1177 3611 1273 3694 perti·

83 3723 196 3788 nentii's
214 3724 292 3794 suis,
311 3722 366 3785 sub
384 3721 496 3785 eisdem
520 3725 605 3786 metis
629 3729 659 3786 el
675 3722 827 3794 terminis,
851 3722 961 3807 quibus
979 3726 1063 3784 antea
1080 3721 1180 3784 fuerat
1194 3719 1273 3782 limi·

5 3898 6 3920 :
83 3837 157 3906 tata,
175 3836 254 3922 ratas
270 3831 417 3895 habentes
434 3830 615 3894 elevationes
631 3836 786 3902 metarum,
799 3851 872 3914 quas
888 3831 1024 3893 homines
1047 3828 1143 3891 nostri
1164 3828 1272 3892 Paulus

5 3951 6 3986 ³
85 3963 200 4014 comes,
227 3943 321 4005 frater
349 3940 468 4004 Andree
492 3940 608 4004 comitis
631 3939 669 4003 de
697 3939 815 4026 Gyogy,
838 3945 869 4002 et
890 3939 982 4010 heve,
1007 3937 1152 4020 jobbagio
1176 3936 1269 4000 castri

5 4083 6 4106 1
85 4040 245 4122 Albensis,
267 4041 458 4135 presentibus
479 4049 713 4133 jobbagionibus
731 4055 796 4113 cast
815 4097 935 4112 ......
954 4047 992 4112 de
1008 4048 1145 4110 mandato
1169 4052 1271 4110 nostm

5 4171 6 4206 ³
86 4182 178 4246 super
195 4135 275 4223 lerna
292 4159 438 4243 predicta,
453 4161 535 4242 juste
552 4166 582 4222 et
599 4159 818 4223 rationabiliter
835 4157 994 4221 erexerint.
1026 4156 1126 4241 Super
1149 4155 1273 4219 decimis

87 4273 176 4336 etiam
193 4289 276 4333 more
292 4268 441 4334 Saxonum
457 4266 667 4352 persolvendis
686 4274 717 4332 et
731 4268 825 4332 libera
842 4267 993 4330 electione
1016 4264 1219 4349 plebanorum,
1243 4268 1274 4328 et

87 4402 180 4465 super
196 4378 270 4442 fisco
288 4378 415 4443 collecte
430 4379 594 4460 generalis,
611 4378 648 4448 de
672 4397 729 4460 qua
753 4378 783 4440 in
805 4376 965 4462 privilegio
989 4373 1159 4438 charissimi
1179 4375 1272 4456 patris

87 4491 183 4556 nostri
210 4488 401 4552 inveniuntur
426 4486 565 4570 exempti,
595 4507 630 4550 ac
658 4486 732 4555 aliis,
751 4485 786 4547 in
809 4484 969 4568 privilegio
992 4481 1161 4545 charissimi
1176 4480 1271 4566 patris
