3150 5092
278 284 329 355 40

277 459 427 528 duntaxat,
436 457 544 541 siquas
557 457 636 520 sorte
647 462 730 521 extra
744 456 899 539 predictos
912 458 1058 520 terminos
1070 460 1186 518 temere
1197 457 1382 518 inuaserunt.
1397 453 1476 518 Sine

278 585 314 628 ea
331 583 403 628 uero
420 569 524 628 contra
539 563 650 626 fratres
662 584 715 626 nos
734 564 923 627 commouisti
940 563 1105 646 predictos,
1120 568 1150 625 et
1163 563 1228 624 sine
1243 583 1333 627 eausa
1351 569 1474 626 nostras

277 672 315 735 ad
331 671 466 755 prefatos
483 671 642 754 episcopos
660 671 828 755 impetrasti
850 671 978 742 litteras,
1007 690 1074 734 eum
1095 671 1178 751 prius
1199 670 1281 754 ipsos
1299 689 1359 732 non
1374 668 1474 732 solum

276 779 378 849 terris,
393 798 467 860 quas
484 777 553 841 illos
572 783 655 840 extra
671 797 746 860 sepe
762 777 859 841 dictos
871 779 1015 841 terminos
1032 797 1198 860 occupasse
1213 777 1354 848 dicebas;
1367 798 1474 840 uerum

276 887 365 949 etiam
382 885 440 957 bis,
456 904 531 968 quas
556 885 601 947 eis
619 883 804 956 donaueras,
828 885 979 968 pendente
997 883 1202 967 predictorum
1219 884 1360 947 abbatum
1387 883 1473 946 rela-

277 996 377 1066 tione,
408 1011 463 1076 pro
491 997 544 1055 tue
562 991 720 1056 voluntatis
744 992 869 1056 arbitrio
886 992 1063 1076 spoliasses,
1079 993 1158 1056 sicut
1174 991 1261 1055 uobis
1276 1012 1382 1055 eorum
1398 1013 1475 1055 oon·

279 1103 397 1185 questio
426 1100 615 1183 postmodum
643 1101 804 1183 patefecit,
839 1122 875 1164 ex
903 1122 939 1164 eo
973 1099 1161 1182 colligimus,
1195 1101 1274 1184 quod
1306 1106 1473 1183 preceptor

277 1212 430 1275 domorum
447 1209 543 1291 ipsius
560 1208 735 1291 hospitalis,
764 1228 824 1292 que
840 1209 919 1272 intra
935 1209 1107 1291 supradicta
1124 1209 1309 1280 consistunt,
1336 1208 1472 1272 secundo

276 1319 326 1382 vel
357 1317 447 1382 tertio
473 1316 540 1386 die,
569 1335 627 1398 quo
652 1316 778 1378 nuncius
807 1320 876 1378 tuus
901 1315 1029 1378 anobis
1054 1317 1206 1380 licentiam
1222 1316 1259 1378 ad
1275 1321 1306 1380 te
1322 1317 1474 1380 redeundi

276 1428 454 1508 receperat,
494 1422 531 1485 ad
560 1431 691 1486 nostram
717 1424 802 1486 venit
832 1424 1030 1506 presentiam,
1063 1422 1210 1506 spoliatus
1243 1428 1343 1493 terra,
1382 1429 1472 1507 prout

277 1533 409 1605 dicebat,
426 1531 549 1604 eadem;
577 1535 607 1593 et
623 1527 660 1592 ab
679 1550 714 1594 ea
731 1551 798 1594 cum
816 1530 958 1594 fratribus
975 1533 1038 1594 sois
1054 1532 1205 1594 violenter
1228 1531 1355 1612 ejectus.
1385 1533 1475 1595 Sicut

277 1663 350 1724 ergo
374 1647 455 1704 tuam
483 1639 555 1702 alias
588 1642 714 1720 paterno
746 1638 858 1701 affectu
881 1640 1047 1702 monuimus
1070 1638 1300 1721 prouidentiam,
1325 1639 1368 1702 ita
1394 1661 1475 1705 nunc

276 1768 431 1814 monemus
449 1752 479 1810 et
495 1746 649 1809 hortamur
665 1747 862 1818 attentius,ac
874 1747 1069 1810 obsecramus
1081 1747 1112 1808 in
1120 1747 1246 1809 Domino
1253 1747 1327 1812 lesu
1339 1747 1472 1819 Christo,

278 1861 423 1941 quatenus
441 1855 552 1936 spretis
570 1854 672 1936 prauis
686 1853 932 1935 suggestionibus
950 1854 1155 1937 malignorum,
1179 1855 1230 1937 qui
1246 1855 1384 1918 videntes
1400 1876 1473 1940 pre·

1566 1384 1568 1432 l

1566 1436 1568 1463 l

1567 1468 1568 1507 r

1566 1529 1568 1588 l

1566 1591 1568 1672 l

281 1967 372 2029 fatam
394 1970 507 2026 terram
529 1982 584 2044 per
606 1962 783 2025 immensum
814 1964 939 2025 fratrum
962 1963 1110 2027 dictorum
1134 1963 1266 2027 studium
1288 1964 1472 2046 profecisse,

278 2073 314 2136 ad
336 2073 402 2154 ejus
422 2069 592 2152 cupidinem
615 2070 774 2132 venenosis
792 2071 984 2134 suasionibus
1000 2072 1231 2143 coascendere
1255 2073 1368 2134 fratres
1392 2074 1475 2154 ipsos
1567 2102 1568 2115 κ

276 2184 308 2246 in
331 2201 457 2263 regnum
481 2184 562 2242 tuum
587 2199 648 2242 non
670 2178 791 2242 differas
814 2199 979 2248 reuocare,
997 2198 1033 2241 ac
1053 2178 1098 2240 eis
1115 2178 1290 2250 restituens,
1308 2185 1339 2240 et
1355 2179 1476 2240 restitui

274 2291 390 2355 faciens
414 2291 535 2369 integre
557 2288 655 2351 omnia
682 2287 761 2351 bona
783 2307 853 2359 sua,
882 2268 1051 2368 dictamque
1074 2290 1185 2348 terram
1201 2284 1331 2368 pacifice
1348 2286 1426 2369 ipsis
1443 2293 1477 2349 et

275 2399 376 2482 quiete
408 2396 572 2466 dimittens,
599 2394 763 2459 secundum
781 2395 893 2458 limites
920 2395 952 2456 in
974 2394 1051 2476 ipsis
1073 2394 1134 2456 tuis
1165 2393 1337 2475 priuilegiis
1366 2393 1475 2476 desig-

277 2507 378 2574 natos;
396 2503 441 2566 sic
458 2503 503 2564 eis
520 2501 689 2564 satisfacias
705 2500 744 2564 de
762 2502 877 2565 damnis
894 2505 926 2565 et
949 2500 1067 2581 injuriis
1090 2500 1241 2580 irrogatis,
1267 2499 1348 2582 quod
1366 2500 1472 2575 Deum,

282 2611 369 2693 cujus
387 2610 534 2675 offensam
550 2630 588 2672 ex
603 2608 661 2672 boc
678 2609 784 2692 procul
801 2609 893 2672 dubio
911 2610 1047 2674 nosceris
1063 2609 1240 2681 incurrisse,
1257 2609 1348 2691 digna
1374 2611 1476 2692 possis

281 2717 488 2783 satisfactione
513 2714 646 2798 placare,
672 2737 707 2778 ac
735 2717 762 2778 ei
788 2721 944 2799 acceptum
972 2717 1104 2781 reddere
1131 2735 1236 2780 munus
1262 2722 1355 2788 tuum,
1385 2738 1475 2801 aquo

278 2826 374 2889 babes
403 2844 461 2886 non
488 2823 582 2887 solum
611 2823 707 2885 omnia
734 2822 813 2886 bona
834 2829 894 2896 tua,
915 2825 970 2888 sed
986 2830 1018 2887 et
1033 2825 1242 2908 temetipsum;
1265 2826 1379 2895 sciens,
1397 2825 1477 2907 quod
1567 2846 1568 2901 3

278 2935 338 2996 nisi
360 2932 418 2995 hac
440 2933 508 2994 rice
530 2930 670 2994 exaudire
694 2932 865 3003 euraueris,
898 2953 957 2996 non
987 2937 1035 2996 est
1060 2931 1154 2994 nostri
1178 2932 1324 3015 prepositi
1347 2930 1477 2995 ulterius
1566 2904 1568 3025 l

277 3039 369 3104 uerba
386 3037 517 3123 perdere
534 3057 627 3119 snper
643 3039 770 3118 negocio
787 3039 969 3120 hujusmodi,
986 3045 1017 3103 te
1033 3040 1191 3110 monendo,
1210 3041 1265 3103 sed
1281 3046 1373 3122 prout
1394 3041 1471 3104 ratio
1567 3028 1568 3051 ³

278 3145 486 3230 postulauerit,
510 3145 706 3208 assisterem
727 3146 844 3226 justitia
869 3165 923 3209 sua
947 3147 1091 3210 fracibus
1113 3147 1296 3230 sepedictis3
1321 3167 1390 3211 cum
1408 3152 1476 3212 tan·

281 3260 340 3318 tam
368 3272 474 3316 eorum
500 3249 652 3330 injuriam,
689 3256 720 3314 et
748 3253 959 3316 detrimentum
982 3252 1110 3318 subsidii
1132 3261 1216 3317 terre
1237 3260 1362 3326 sancte,
1385 3256 1477 3319 dissi·

279 3361 395 3425 molare
411 3357 538 3440 amplius
556 3378 748 3441 nequeamus.
774 3360 840 3422 Non
857 3365 956 3423 antem
973 3361 1099 3424 moleste
1121 3362 1199 3424 terat
1222 3367 1272 3425 tua
1294 3359 1477 3434 sublimitas,

280 3466 359 3553 quod
387 3465 514 3528 dilectus
543 3451 623 3526 filius
647 3465 741 3527 frater
764 3470 982 3539 Hemonam,
999 3470 1163 3554 ,mapc'ater
1187 3469 1298 3533 domus
1315 3470 1476 3556 predicte,
1567 3482 1568 3521 i

281 3577 319 3640 ad
336 3582 415 3638 tuam
431 3571 618 3655 presentiam
635 3591 693 3634 non
721 3572 855 3644 accedit,
889 3575 1007 3658 quando
1031 3574 1151 3658 quidem
1182 3574 1214 3638 id
1235 3576 1340 3638 facere
1368 3577 1473 3649 voluit,

281 3683 336 3747 sed
363 3685 489 3766 propter
510 3680 657 3762 quaedam
685 3681 813 3759 negocia
836 3681 983 3753 ecclesie,
1016 3701 1052 3744 ac
1075 3682 1209 3764 imperii,
1243 3684 1281 3746 ad
1309 3702 1369 3765 quc
1393 3689 1473 3748 trae·

280 3787 369 3855 tanda
393 3788 573 3852 industriam
604 3791 634 3850 et
659 3784 892 3850 sollicitudinem
920 3788 986 3870 ejus
1015 3809 1086 3852 esse
1108 3789 1236 3853 vidimus
1257 3793 1472 3862 necessariam,

279 3900 377 3982 ipsum
406 3895 542 3958 duximus
569 3893 775 3966 retinendum;
805 3895 998 3981 serenitatem
1025 3900 1106 3958 tuam
1129 3900 1243 3960 attente
1266 3905 1424 3978 rogantes,
1447 3906 1475 3963 ut

280 4005 346 4085 ejus
375 4001 541 4064 absentiam
572 4001 651 4083 apud
680 3999 893 4065 celsitudinem
923 4007 1003 4064 tuam
1033 4002 1193 4087 suppleant
1221 4025 1334 4087 preces
1362 4012 1472 4070 nostre.

281 4112 390 4175 Datum
406 4109 546 4171 Laterani
562 4108 635 4171 Xlll.
652 4106 712 4170 lral.
729 4107 838 4171 Martii.
854 4109 938 4173 duno
955 4110 990 4174 X.
1567 4106 1568 4125 ¹
