3150 5092
323 361 396 434 loe

406 537 469 602 ln.
499 535 552 600 21.
579 536 667 600 Item:
696 534 961 618 impignorationes
995 555 1087 618 super
1113 538 1306 598 transeuntes
1336 533 1498 597 incolarum
1554 598 1555 625 p

317 645 403 728 regni
420 645 524 718 nostri,
541 644 660 730 penitus
676 643 811 708 nolumus
827 649 858 707 et
873 643 1000 708 fecimus
1015 643 1138 708 aboleri.

406 757 470 818 Art.
495 754 548 818 22.
574 753 661 816 ltem:
693 753 792 817 omnia
821 751 948 825 tributa,
978 757 1114 836 tempore
1141 752 1271 816 badislai
1300 752 1383 834 regis
1409 753 1499 822 iacta,

317 863 435 928 omnino
451 863 662 947 exstirpentur.

409 972 474 1037 llrt.
498 971 551 1035 23.
576 971 717 1036 Volumus
734 972 839 1042 etiam,
861 969 941 1055 quod
963 970 994 1034 in
1014 970 1090 1034 locis
1106 972 1295 1054 antiquorum
1309 968 1499 1040 tributorum.
1555 1030 1556 1038 ,

315 1081 415 1166 populi
431 1078 574 1144 nobilium
589 1085 620 1143 et
636 1078 831 1144 ecclesiarum
846 1077 958 1142 tributa
969 1099 1027 1142 non
1043 1080 1225 1163 persolvant.
1250 1077 1314 1143 Sed
1328 1082 1442 1142 tantum
1457 1113 1496 1126 -
1555 1094 1556 1153 ζ

316 1225 359 1238 -
374 1193 558 1254 mercatores
575 1187 613 1252 de
629 1186 695 1252 aliis
711 1188 815 1270 regnis
831 1188 870 1252 ad
885 1188 943 1253 alia
957 1207 1052 1271 regna
1068 1192 1268 1252 transeuntes.
1555 1258 1556 1265 ἵ

405 1298 467 1363 uu.
497 1294 551 1362 24.
596 1297 754 1364 Preterea:
789 1298 919 1371 Turres,
962 1298 1029 1364 siue
1067 1302 1182 1368 castra,
1229 1316 1320 1380 super
1359 1294 1498 1360 eeclesiis
1556 1340 1557 1345 η

316 1405 471 1479 edificata,
503 1411 553 1470 aut
584 1407 661 1472 locis
704 1406 787 1480 aliis,
828 1427 883 1492 pro
927 1413 1104 1472 nocumento
1148 1409 1339 1477 consancta,
1379 1405 1496 1489 penitus
1556 1468 1557 1471 ,

316 1516 493 1582 euellautur.
1556 1500 1557 1505 ’

403 1625 466 1690 llrt.
484 1624 538 1690 25.
562 1625 653 1690 ltem:
670 1628 895 1709 possessiones,
910 1626 991 1697 fora.
1008 1630 1040 1689 et
1055 1630 1156 1689 castra
1167 1643 1432 1709 quorumcunque,
1444 1642 1497 1707 por

316 1731 461 1800 rioleutos
478 1733 651 1798 detentores
667 1733 802 1800 indebite
817 1741 971 1820 occupata,
987 1735 1181 1799 restituantur
1195 1739 1228 1798 et
1242 1732 1417 1798 reddantur.

405 1845 469 1906 Art.
492 1843 545 1906 26.
568 1843 657 1908 ltem:
679 1843 813 1908 decimas
839 1845 970 1928 frugum,
993 1844 1158 1908 secundum
1180 1842 1302 1908 decreta
1326 1846 1495 1906 sanctornm
1556 1826 1557 1867 ³

314 1970 419 2034 regum
434 1950 552 2016 solvere
567 1955 733 2018 teneantur.
749 1954 793 2017 lta
807 1952 965 2018 videlicet:
981 1954 1062 2038 quod
1073 1951 1201 2036 quilibet
1214 1951 1322 2016 nobilis
1338 1953 1404 2015 sive
1420 1950 1494 2014 Saxo

315 2060 354 2128 de
380 2079 503 2124 numero
521 2058 673 2132 nobilium,
696 2059 735 2124 de
757 2060 895 2145 quolibet
909 2067 1009 2126 aratro
1025 2081 1113 2126 vnum
1129 2063 1276 2126 lertonem
1292 2080 1349 2145 pro
1372 2057 1495 2123 decimis

314 2167 421 2233 soluat.
446 2167 552 2252 Populi
568 2174 665 2234 autem
681 2171 815 2253 ipsorum
831 2168 974 2234 nobilium
989 2170 1186 2242 etSaxonum,
1203 2170 1242 2234 de
1256 2168 1389 2251 singulis
1404 2188 1495 2252 cape·

313 2277 362 2344 tiis
378 2277 496 2342 soluant
511 2295 599 2340 vnum
615 2276 742 2362 pondus.
767 2277 807 2342 bt
824 2278 989 2344 decimator
1010 2300 1068 2342 non
1084 2300 1139 2363 per
1154 2298 1198 2351 se,
1220 2277 1276 2343 sed
1292 2297 1361 2342 curn
1375 2279 1492 2342 bomine
1557 2346 1558 2351 .

313 2383 497 2471 parochialis
512 2385 629 2450 comitis
646 2384 748 2450 dicare
763 2387 882 2453 debeat
899 2389 1000 2473 Vsque
1012 2389 1121 2451 lostam
1129 2389 1163 2452 S.
1176 2387 1297 2450 ldartird
1307 2407 1404 2469 super
1414 2387 1492 2450 iura-
1557 2386 1558 2455 l

312 2500 412 2560 mento
439 2495 614 2580 populorum
642 2494 794 2567 nobilium,
821 2495 889 2580 ipse
915 2496 1032 2561 docimo
1052 2496 1273 2580 persoluentur.
1299 2495 1373 2560 Post
1397 2495 1492 2580 ipsum
1557 2520 1558 2553 l

314 2609 412 2669 autem
427 2604 536 2668 lestum
557 2602 698 2668 credatur
710 2603 923 2671 decimatorum
938 2607 1114 2671 iuramento.

401 2713 464 2778 Art.
489 2713 542 2777 27.
569 2711 642 2776 ltem
665 2711 781 2776 decime
805 2716 873 2788 vini,
898 2715 929 2779 in
950 2720 1111 2799 autumpno
1137 2715 1168 2777 in
1183 2714 1288 2797 specie
1311 2713 1493 2795 recipiantur
1558 2722 1559 2763 l

312 2841 380 2888 oum
395 2826 503 2885 musto.
528 2819 563 2882 si
585 2839 656 2883 vero
675 2824 793 2906 tempus
809 2823 879 2887 noui
895 2824 956 2888 uini
972 2825 1037 2888 sive
1064 2822 1153 2887 musti
1174 2822 1206 2885 in
1232 2819 1382 2903 exigendo
1402 2819 1494 2884 distu-
1558 2876 1559 2909 p

312 2929 412 3002 ierint,
429 2928 589 3012 estimatio.
607 2929 673 2992 siue
689 2931 817 3014 pretium
833 2931 970 2996 soluatur
984 2951 1040 3015 pro
1055 2936 1162 2994 musto.

402 3039 464 3102 Art.
488 3038 541 3103 28.
559 3037 647 3101 ltem:
671 3038 871 3122 priuilegium,
898 3040 978 3125 qood
993 3059 1060 3103 aum
1077 3038 1158 3102 bulla
1179 3058 1268 3102 aurea
1290 3038 1495 3120 consignatum
1558 3062 1559 3134 ᾗ

312 3147 414 3219 fuerit.
440 3167 456 3210 a
475 3145 654 3212 cancellario
678 3146 782 3212 decem
805 3150 915 3213 marcis
930 3149 1051 3229 argenti
1072 3147 1179 3211 redimi
1195 3146 1313 3218 debeat,
1331 3153 1384 3210 aut
1399 3166 1495 3210 marea
1558 3145 1559 3195 i

312 3253 385 3320 auri.
411 3254 445 3318 Si
462 3274 535 3319 voro
562 3255 618 3320 sub
643 3255 784 3341 pendenti
815 3256 914 3343 sigillo
938 3277 1028 3322 cereo
1055 3257 1164 3328 inerit,
1194 3253 1495 3320 arico-cancellaria
1558 3272 1559 3325 i

314 3383 414 3430 marca
430 3365 558 3448 argenti,
575 3370 606 3427 et
622 3383 638 3425 a
655 3365 771 3428 notario
787 3366 906 3431 {ertone
921 3367 1095 3430 redimatur.
1558 3398 1559 3445 p

400 3473 464 3542 lrt.
489 3474 544 3538 29.
565 3472 1198 3547 ltem--es,aut-—--—duo
1225 3473 1354 3557 pond...
1374 3477 1407 3535 et
1430 3470 1494 3534 dedi
1558 3478 1559 3503 ³

313 3615 357 3630 -—
373 3617 417 3630 ·-
434 3601 521 3646 vuum
538 3580 654 3665 pondus
671 3619 951 3630 -----
970 3581 1122 3647 videlieet.

400 3692 462 3754 ert.
481 3689 534 3754 30.
556 3727 600 3737 -
617 3725 660 3737 -
675 3727 715 3738 -
727 3727 768 3738 -
786 3689 994 3762 iudicabimus,
1012 3691 1116 3755 ordine
1129 3689 1295 3760 iudiciario,
1312 3707 1425 3752 causas
1441 3688 1495 3751 liti-

314 3799 446 3883 gantium
463 3802 694 3882 cognoscentes.

399 3909 462 3970 Art.
480 3907 533 3970 31.
557 3908 646 3972 llam:
662 3905 693 3970 in
709 3908 845 3990 quolibet
861 3927 948 3979 anno,
961 3907 1056 3971 semel
1067 3925 1171 3971 omnes
1187 3905 1316 3969 barones
1328 3909 1362 3968 ot
1379 3902 1492 3968 nobiles

309 4016 398 4099 regni
414 4014 520 4086 nostri,
528 4014 643 4088 Albam,
661 4013 699 4078 ad
714 4017 982 4098 congregationem
1000 4014 1131 4078 debeant
1145 4013 1318 4079 conuenire.
1334 4046 1380 4060 —-
1396 4049 1440 4060 -
1455 4047 1493 4058 —-

309 4124 355 4188 De
376 4127 456 4186 statu
478 4123 575 4204 regni.
600 4121 637 4185 Et
658 4122 844 4205 inquirentes
866 4122 906 4187 de
926 4123 1017 4188 iactis
1038 4122 1190 4194 baronum,
1214 4121 1345 4205 qualiter
1371 4120 1493 4206 quilibet

308 4232 440 4316 ipsorum
456 4232 487 4295 in
503 4231 566 4294 suis
585 4229 775 4295 comitatibus
793 4231 1002 4314 processerint
1016 4238 1048 4296 et
1064 4231 1311 4304 conseruauerint
1322 4230 1389 4294 iura
1401 4231 1491 4314 regni.

308 4340 346 4404 bl
362 4339 526 4402 secundum
543 4359 596 4402 sua
612 4340 719 4402 merita
735 4339 850 4421 premia
867 4344 898 4402 et
920 4338 1067 4404 demerita
1089 4341 1137 4404 vel
1159 4339 1320 4403 commissa
1338 4338 1491 4422 supplicia,

307 4448 375 4532 ipso
391 4446 460 4518 die.
490 4445 652 4512 secundum
679 4445 821 4510 iudicium
849 4453 1029 4512 nostramet
1050 4446 1289 4512 consiliariorum
1313 4451 1488 4513 nostrorum.
1558 4484 1559 4519 3

307 4556 470 4639 recepturi.
