<?xml version="1.0" encoding="UTF-8"?>
<!DOCTYPE html PUBLIC "-//W3C//DTD XHTML 1.0 Transitional//EN"
    "http://www.w3.org/TR/xhtml1/DTD/xhtml1-transitional.dtd">
<html xmlns="http://www.w3.org/1999/xhtml" xml:lang="en" lang="en">
 <head>
  <title>
</title>
<meta http-equiv="Content-Type" content="text/html;charset=utf-8" />
  <meta name='ocr-system' content='tesseract 3.04.00' />
  <meta name='ocr-capabilities' content='ocr_page ocr_carea ocr_par ocr_line ocrx_word'/>
</head>
<body>
  <div class='ocr_page' id='page_1' title='image "./fontesrerumaust26kommgoog_0145.png"; bbox 0 0 3150 5092; ppageno 0'>
   <div class='ocr_carea' id='block_1_1' title="bbox 1246 297 1293 370">
    <p class='ocr_par' dir='ltr' id='par_1_1' title="bbox 1246 297 1293 370">
     <span class='ocr_line' id='line_1_1' title="bbox 1246 297 1293 370; baseline -0.043 0"><span class='ocrx_word' id='word_1_1' title='bbox 1246 297 1293 370; x_wconf 82' lang='lat' dir='ltr'><strong>bl</strong></span> 
     </span>
    </p>
   </div>
   <div class='ocr_carea' id='block_1_2' title="bbox 15 470 1300 3666">
    <p class='ocr_par' dir='ltr' id='par_1_2' title="bbox 15 470 1300 3666">
     <span class='ocr_line' id='line_1_2' title="bbox 15 470 1297 564; baseline -0.001 -28"><span class='ocrx_word' id='word_1_2' title='bbox 15 486 17 564; x_wconf 60' lang='lat' dir='ltr'><strong>t</strong></span> <span class='ocrx_word' id='word_1_3' title='bbox 91 478 123 535; x_wconf 90' lang='lat' dir='ltr'><strong>et</strong></span> <span class='ocrx_word' id='word_1_4' title='bbox 151 473 274 556; x_wconf 88' lang='lat' dir='ltr'><strong>proprii</strong></span> <span class='ocrx_word' id='word_1_5' title='bbox 302 472 448 536; x_wconf 86' lang='lat' dir='ltr'><strong>effusione</strong></span> <span class='ocrx_word' id='word_1_6' title='bbox 479 471 595 535; x_wconf 89' lang='lat' dir='ltr'><strong>cruoris</strong></span> <span class='ocrx_word' id='word_1_7' title='bbox 611 471 743 556; x_wconf 88' lang='lat' dir='ltr'><strong>quinque</strong></span> <span class='ocrx_word' id='word_1_8' title='bbox 766 475 867 534; x_wconf 89' lang='lat' dir='ltr'><strong>castra</strong></span> <span class='ocrx_word' id='word_1_9' title='bbox 883 471 973 534; x_wconf 87' lang='lat' dir='ltr'><strong>fortia</strong></span> <span class='ocrx_word' id='word_1_10' title='bbox 988 471 1203 534; x_wconf 89' lang='lat' dir='ltr'><strong>construendo.</strong></span> <span class='ocrx_word' id='word_1_11' title='bbox 1235 470 1297 536; x_wconf 88' lang='lat' dir='ltr'><strong>Sed</strong></span> 
     </span>
     <span class='ocr_line' id='line_1_3' title="bbox 90 577 1297 662; baseline 0 -20"><span class='ocrx_word' id='word_1_12' title='bbox 90 580 167 644; x_wconf 88' lang='lat' dir='ltr'><strong>licet</strong></span> <span class='ocrx_word' id='word_1_13' title='bbox 184 579 270 644; x_wconf 69' lang='lat' dir='ltr'><strong>idem</strong></span> <span class='ocrx_word' id='word_1_14' title='bbox 289 601 343 643; x_wconf 88' lang='lat' dir='ltr'><strong>rex</strong></span> <span class='ocrx_word' id='word_1_15' title='bbox 359 581 403 643; x_wconf 92' lang='lat' dir='ltr'><strong>eis</strong></span> <span class='ocrx_word' id='word_1_16' title='bbox 419 583 530 651; x_wconf 81' lang='lat' dir='ltr'><strong>terram</strong></span> <span class='ocrx_word' id='word_1_17' title='bbox 547 577 737 653; x_wconf 88' lang='lat' dir='ltr'><strong>abstulisset,</strong></span> <span class='ocrx_word' id='word_1_18' title='bbox 755 579 882 642; x_wconf 89' lang='lat' dir='ltr'><strong>eandem</strong></span> <span class='ocrx_word' id='word_1_19' title='bbox 898 579 995 662; x_wconf 83' lang='lat' dir='ltr'>ipsam</span> <span class='ocrx_word' id='word_1_20' title='bbox 1012 579 1133 642; x_wconf 87' lang='lat' dir='ltr'><strong>tandem</strong></span> <span class='ocrx_word' id='word_1_21' title='bbox 1156 580 1297 652; x_wconf 87' lang='lat' dir='ltr'><strong>restituit,</strong></span> 
     </span>
     <span class='ocr_line' id='line_1_4' title="bbox 15 686 1298 774; baseline -0.002 -22"><span class='ocrx_word' id='word_1_22' title='bbox 15 725 17 768; x_wconf 67' lang='lat'><em>3</em></span> <span class='ocrx_word' id='word_1_23' title='bbox 90 696 123 752; x_wconf 90' lang='lat' dir='ltr'><strong>ut</strong></span> <span class='ocrx_word' id='word_1_24' title='bbox 141 687 295 760; x_wconf 89' lang='lat' dir='ltr'><strong>debebat,</strong></span> <span class='ocrx_word' id='word_1_25' title='bbox 323 689 394 774; x_wconf 91' lang='lat' dir='ltr'><strong>quin</strong></span> <span class='ocrx_word' id='word_1_26' title='bbox 422 688 511 750; x_wconf 91' lang='lat' dir='ltr'><strong>etiam</strong></span> <span class='ocrx_word' id='word_1_27' title='bbox 528 706 584 768; x_wconf 92' lang='lat' dir='ltr'><strong>pro</strong></span> <span class='ocrx_word' id='word_1_28' title='bbox 601 689 886 769; x_wconf 81' lang='lat' dir='ltr'><strong>recompensatione</strong></span> <span class='ocrx_word' id='word_1_29' title='bbox 914 686 1110 770; x_wconf 91' lang='lat' dir='ltr'><strong>dampnorum</strong></span> <span class='ocrx_word' id='word_1_30' title='bbox 1126 687 1204 770; x_wconf 92' lang='lat' dir='ltr'><strong>ipsis</strong></span> <span class='ocrx_word' id='word_1_31' title='bbox 1220 687 1298 751; x_wconf 86' lang='lat' dir='ltr'><strong>ultra</strong></span> 
     </span>
     <span class='ocr_line' id='line_1_5' title="bbox 16 783 1298 879; baseline -0.002 -21"><span class='ocrx_word' id='word_1_32' title='bbox 16 783 17 788; x_wconf 8' lang='grc' dir='ltr'>ἵ</span> <span class='ocrx_word' id='word_1_33' title='bbox 89 800 213 858; x_wconf 89' lang='lat' dir='ltr'><strong>montes</strong></span> <span class='ocrx_word' id='word_1_34' title='bbox 231 795 343 858; x_wconf 84' lang='lat' dir='ltr'><strong>nivium</strong></span> <span class='ocrx_word' id='word_1_35' title='bbox 358 798 475 877; x_wconf 87' lang='lat' dir='ltr'><strong>partem</strong></span> <span class='ocrx_word' id='word_1_36' title='bbox 492 793 618 856; x_wconf 87' lang='lat' dir='ltr'><strong>contulit</strong></span> <span class='ocrx_word' id='word_1_37' title='bbox 631 792 785 866; x_wconf 81' lang='lat' dir='ltr'><strong>Comanis,</strong></span> <span class='ocrx_word' id='word_1_38' title='bbox 802 794 832 855; x_wconf 93' lang='lat' dir='ltr'><strong>in</strong></span> <span class='ocrx_word' id='word_1_39' title='bbox 849 814 907 879; x_wconf 92' lang='lat' dir='ltr'><strong>qua</strong></span> <span class='ocrx_word' id='word_1_40' title='bbox 924 813 992 857; x_wconf 90' lang='lat' dir='ltr'><strong>com</strong></span> <span class='ocrx_word' id='word_1_41' title='bbox 1008 791 1084 858; x_wconf 91' lang='lat' dir='ltr'><strong>dicti</strong></span> <span class='ocrx_word' id='word_1_42' title='bbox 1103 794 1250 875; x_wconf 84' lang='lat' dir='ltr'><strong>magister</strong></span> <span class='ocrx_word' id='word_1_43' title='bbox 1266 798 1298 856; x_wconf 88' lang='lat' dir='ltr'><strong>et</strong></span> 
     </span>
     <span class='ocr_line' id='line_1_6' title="bbox 90 901 1298 983; baseline -0.002 -19"><span class='ocrx_word' id='word_1_44' title='bbox 90 903 205 966; x_wconf 87' lang='lat' dir='ltr'><strong>tratres</strong></span> <span class='ocrx_word' id='word_1_45' title='bbox 236 908 369 966; x_wconf 92' lang='lat' dir='ltr'><strong>castrum</strong></span> <span class='ocrx_word' id='word_1_46' title='bbox 404 903 631 968; x_wconf 90' lang='lat' dir='ltr'><strong>munitissimum</strong></span> <span class='ocrx_word' id='word_1_47' title='bbox 659 902 915 973; x_wconf 73' lang='lat' dir='ltr'><strong>construxissent,</strong></span> <span class='ocrx_word' id='word_1_48' title='bbox 940 901 1064 965; x_wconf 85' lang='lat' dir='ltr'><strong>Comani</strong></span> <span class='ocrx_word' id='word_1_49' title='bbox 1080 901 1239 983; x_wconf 82' lang='lat' dir='ltr'><strong>perterriti</strong></span> <span class='ocrx_word' id='word_1_50' title='bbox 1266 908 1298 963; x_wconf 90' lang='lat' dir='ltr'><strong>et</strong></span> 
     </span>
     <span class='ocr_line' id='line_1_7' title="bbox 15 1009 1297 1098; baseline -0.001 -26"><span class='ocrx_word' id='word_1_51' title='bbox 15 1077 16 1098; x_wconf 17' lang='grc' dir='ltr'>ᾖ</span> <span class='ocrx_word' id='word_1_52' title='bbox 93 1010 239 1074; x_wconf 91' lang='lat' dir='ltr'><strong>dolentes</strong></span> <span class='ocrx_word' id='word_1_53' title='bbox 267 1009 437 1094; x_wconf 81' lang='lat' dir='ltr'><strong>ademptam</strong></span> <span class='ocrx_word' id='word_1_54' title='bbox 467 1009 525 1072; x_wconf 92' lang='lat' dir='ltr'><strong>sibi</strong></span> <span class='ocrx_word' id='word_1_55' title='bbox 553 1010 711 1091; x_wconf 88' lang='lat' dir='ltr'><strong>ingressus</strong></span> <span class='ocrx_word' id='word_1_56' title='bbox 736 1014 767 1072; x_wconf 89' lang='lat' dir='ltr'><strong>et</strong></span> <span class='ocrx_word' id='word_1_57' title='bbox 789 1009 887 1073; x_wconf 85' lang='lat' dir='ltr'><strong>exitus</strong></span> <span class='ocrx_word' id='word_1_58' title='bbox 904 1009 1087 1080; x_wconf 81' lang='lat' dir='ltr'><strong>facultatem,</strong></span> <span class='ocrx_word' id='word_1_59' title='bbox 1110 1013 1297 1090; x_wconf 85' lang='lat' dir='ltr'><strong>congregata</strong></span> 
     </span>
     <span class='ocr_line' id='line_1_8' title="bbox 92 1115 1298 1200; baseline -0.002 -20"><span class='ocrx_word' id='word_1_60' title='bbox 92 1118 213 1200; x_wconf 83' lang='lat' dir='ltr'><strong>ingenti</strong></span> <span class='ocrx_word' id='word_1_61' title='bbox 242 1116 432 1180; x_wconf 89' lang='lat' dir='ltr'><strong>multitudine</strong></span> <span class='ocrx_word' id='word_1_62' title='bbox 464 1116 642 1180; x_wconf 83' lang='lat' dir='ltr'><strong>bellatorum</strong></span> <span class='ocrx_word' id='word_1_63' title='bbox 667 1117 776 1178; x_wconf 83' lang='lat' dir='ltr'><strong>fratres</strong></span> <span class='ocrx_word' id='word_1_64' title='bbox 800 1115 874 1178; x_wconf 94' lang='lat' dir='ltr'><strong>inibi</strong></span> <span class='ocrx_word' id='word_1_65' title='bbox 901 1121 1122 1180; x_wconf 79' lang='lat' dir='ltr'><strong>commorantes</strong></span> <span class='ocrx_word' id='word_1_66' title='bbox 1146 1117 1298 1180; x_wconf 88' lang='lat' dir='ltr'><strong>hostiliter</strong></span> 
     </span>
     <span class='ocr_line' id='line_1_9' title="bbox 25 1222 1296 1307; baseline -0.002 -21"><span class='ocrx_word' id='word_1_67' title='bbox 25 1257 29 1264; x_wconf 93' lang='lat'>·</span> <span class='ocrx_word' id='word_1_68' title='bbox 94 1225 217 1306; x_wconf 85' lang='lat' dir='ltr'><strong>agressi</strong></span> <span class='ocrx_word' id='word_1_69' title='bbox 236 1225 374 1298; x_wconf 86' lang='lat' dir='ltr'><strong>fuerunt,</strong></span> <span class='ocrx_word' id='word_1_70' title='bbox 402 1223 457 1286; x_wconf 92' lang='lat' dir='ltr'><strong>sed</strong></span> <span class='ocrx_word' id='word_1_71' title='bbox 473 1222 593 1286; x_wconf 92' lang='lat' dir='ltr'><strong>domino</strong></span> <span class='ocrx_word' id='word_1_72' title='bbox 616 1223 806 1307; x_wconf 88' lang='lat' dir='ltr'><strong>propiciante</strong></span> <span class='ocrx_word' id='word_1_73' title='bbox 828 1222 957 1294; x_wconf 87' lang='lat' dir='ltr'><strong>deuicti,</strong></span> <span class='ocrx_word' id='word_1_74' title='bbox 984 1223 1102 1289; x_wconf 79' lang='lat' dir='ltr'><strong>contusi</strong></span> <span class='ocrx_word' id='word_1_75' title='bbox 1127 1227 1157 1285; x_wconf 91' lang='lat' dir='ltr'><strong>et</strong></span> <span class='ocrx_word' id='word_1_76' title='bbox 1172 1223 1296 1285; x_wconf 85' lang='lat' dir='ltr'><strong>reveriti</strong></span> 
     </span>
     <span class='ocr_line' id='line_1_10' title="bbox 97 1328 1299 1414; baseline -0.001 -20"><span class='ocrx_word' id='word_1_77' title='bbox 97 1333 301 1409; x_wconf 76' lang='lat' dir='ltr'><strong>destiterunt,</strong></span> <span class='ocrx_word' id='word_1_78' title='bbox 326 1331 397 1414; x_wconf 88' lang='lat' dir='ltr'><strong>quin</strong></span> <span class='ocrx_word' id='word_1_79' title='bbox 421 1331 510 1393; x_wconf 92' lang='lat' dir='ltr'><strong>etiam</strong></span> <span class='ocrx_word' id='word_1_80' title='bbox 532 1330 650 1413; x_wconf 89' lang='lat' dir='ltr'><strong>qnidam</strong></span> <span class='ocrx_word' id='word_1_81' title='bbox 676 1349 711 1392; x_wconf 88' lang='lat' dir='ltr'><strong>ex</strong></span> <span class='ocrx_word' id='word_1_82' title='bbox 727 1328 788 1392; x_wconf 93' lang='lat' dir='ltr'><strong>illis</strong></span> <span class='ocrx_word' id='word_1_83' title='bbox 805 1330 895 1392; x_wconf 89' lang='lat' dir='ltr'><strong>dictis</strong></span> <span class='ocrx_word' id='word_1_84' title='bbox 911 1328 1056 1393; x_wconf 85' lang='lat' dir='ltr'><strong>tratribus</strong></span> <span class='ocrx_word' id='word_1_85' title='bbox 1072 1351 1108 1392; x_wconf 90' lang='lat' dir='ltr'><strong>se</strong></span> <span class='ocrx_word' id='word_1_86' title='bbox 1122 1328 1299 1401; x_wconf 85' lang='lat' dir='ltr'><strong>reddentes,</strong></span> 
     </span>
     <span class='ocr_line' id='line_1_11' title="bbox 15 1437 1299 1522; baseline -0.003 -18"><span class='ocrx_word' id='word_1_87' title='bbox 15 1441 16 1444; x_wconf 70' lang='grc'>’</span> <span class='ocrx_word' id='word_1_88' title='bbox 96 1460 164 1504; x_wconf 88' lang='lat' dir='ltr'><strong>cum</strong></span> <span class='ocrx_word' id='word_1_89' title='bbox 198 1437 344 1504; x_wconf 90' lang='lat' dir='ltr'><strong>uxoribus</strong></span> <span class='ocrx_word' id='word_1_90' title='bbox 378 1444 410 1501; x_wconf 91' lang='lat' dir='ltr'><strong>et</strong></span> <span class='ocrx_word' id='word_1_91' title='bbox 442 1437 576 1522; x_wconf 90' lang='lat' dir='ltr'><strong>paruulis</strong></span> <span class='ocrx_word' id='word_1_92' title='bbox 605 1438 643 1502; x_wconf 90' lang='lat' dir='ltr'><strong>ad</strong></span> <span class='ocrx_word' id='word_1_93' title='bbox 678 1438 819 1522; x_wconf 85' lang='lat' dir='ltr'><strong>baptismi</strong></span> <span class='ocrx_word' id='word_1_94' title='bbox 854 1439 982 1520; x_wconf 86' lang='lat' dir='ltr'><strong>gratiam</strong></span> <span class='ocrx_word' id='word_1_95' title='bbox 1018 1438 1223 1502; x_wconf 80' lang='lat' dir='ltr'><strong>convolarunt.</strong></span> <span class='ocrx_word' id='word_1_96' title='bbox 1262 1438 1299 1500; x_wconf 80' lang='lat' dir='ltr'><strong>At</strong></span> 
     </span>
     <span class='ocr_line' id='line_1_12' title="bbox 95 1543 1294 1630; baseline -0.003 -21"><span class='ocrx_word' id='word_1_97' title='bbox 95 1569 148 1610; x_wconf 89' lang='lat' dir='ltr'><strong>rex</strong></span> <span class='ocrx_word' id='word_1_98' title='bbox 170 1547 331 1630; x_wconf 87' lang='lat' dir='ltr'><strong>predictus</strong></span> <span class='ocrx_word' id='word_1_99' title='bbox 350 1549 462 1610; x_wconf 91' lang='lat' dir='ltr'><strong>terram</strong></span> <span class='ocrx_word' id='word_1_100' title='bbox 488 1545 664 1626; x_wconf 87' lang='lat' dir='ltr'><strong>ingrediens</strong></span> <span class='ocrx_word' id='word_1_101' title='bbox 688 1547 785 1628; x_wconf 90' lang='lat' dir='ltr'><strong>ipsam</strong></span> <span class='ocrx_word' id='word_1_102' title='bbox 808 1545 978 1630; x_wconf 89' lang='lat' dir='ltr'><strong>cultamque</strong></span> <span class='ocrx_word' id='word_1_103' title='bbox 1006 1544 1207 1628; x_wconf 89' lang='lat' dir='ltr'><strong>perspiciens,</strong></span> <span class='ocrx_word' id='word_1_104' title='bbox 1232 1543 1294 1606; x_wconf 82' lang='lat' dir='ltr'><strong>tra·</strong></span> 
     </span>
     <span class='ocr_line' id='line_1_13' title="bbox 16 1650 1297 1738; baseline -0.004 -20"><span class='ocrx_word' id='word_1_105' title='bbox 16 1733 17 1736; x_wconf 9' lang='lat'>¹</span> <span class='ocrx_word' id='word_1_106' title='bbox 92 1659 156 1718; x_wconf 89' lang='lat' dir='ltr'><strong>tres</strong></span> <span class='ocrx_word' id='word_1_107' title='bbox 175 1655 215 1718; x_wconf 90' lang='lat' dir='ltr'><strong>de</strong></span> <span class='ocrx_word' id='word_1_108' title='bbox 233 1659 315 1716; x_wconf 92' lang='lat' dir='ltr'><strong>terra</strong></span> <span class='ocrx_word' id='word_1_109' title='bbox 333 1651 377 1714; x_wconf 89' lang='lat' dir='ltr'><strong>eis</strong></span> <span class='ocrx_word' id='word_1_110' title='bbox 394 1672 450 1735; x_wconf 88' lang='lat' dir='ltr'><strong>per</strong></span> <span class='ocrx_word' id='word_1_111' title='bbox 466 1652 570 1715; x_wconf 89' lang='lat' dir='ltr'><strong>sedem</strong></span> <span class='ocrx_word' id='word_1_112' title='bbox 587 1652 785 1734; x_wconf 87' lang='lat' dir='ltr'><strong>apostolicam</strong></span> <span class='ocrx_word' id='word_1_113' title='bbox 803 1652 977 1716; x_wconf 86' lang='lat' dir='ltr'><strong>confirmata</strong></span> <span class='ocrx_word' id='word_1_114' title='bbox 994 1657 1025 1715; x_wconf 92' lang='lat' dir='ltr'><strong>et</strong></span> <span class='ocrx_word' id='word_1_115' title='bbox 1052 1650 1109 1714; x_wconf 93' lang='lat' dir='ltr'><strong>snb</strong></span> <span class='ocrx_word' id='word_1_116' title='bbox 1132 1650 1199 1731; x_wconf 91' lang='lat' dir='ltr'><strong>ejns</strong></span> <span class='ocrx_word' id='word_1_117' title='bbox 1223 1669 1297 1738; x_wconf 89' lang='lat' dir='ltr'><strong>pro·</strong></span> 
     </span>
     <span class='ocr_line' id='line_1_14' title="bbox 15 1759 1294 1846; baseline -0.004 -21"><span class='ocrx_word' id='word_1_118' title='bbox 15 1779 17 1810; x_wconf 72' lang='lat'><strong>²</strong></span> <span class='ocrx_word' id='word_1_119' title='bbox 93 1763 229 1826; x_wconf 88' lang='lat' dir='ltr'><strong>tectione</strong></span> <span class='ocrx_word' id='word_1_120' title='bbox 256 1763 399 1844; x_wconf 88' lang='lat' dir='ltr'><strong>suscepta</strong></span> <span class='ocrx_word' id='word_1_121' title='bbox 428 1761 539 1842; x_wconf 89' lang='lat' dir='ltr'><strong>expulit</strong></span> <span class='ocrx_word' id='word_1_122' title='bbox 566 1759 724 1832; x_wconf 86' lang='lat' dir='ltr'><strong>violenter,</strong></span> <span class='ocrx_word' id='word_1_123' title='bbox 747 1781 833 1846; x_wconf 90' lang='lat' dir='ltr'><strong>quam</strong></span> <span class='ocrx_word' id='word_1_124' title='bbox 857 1764 889 1822; x_wconf 94' lang='lat' dir='ltr'><strong>tu</strong></span> <span class='ocrx_word' id='word_1_125' title='bbox 905 1761 1025 1823; x_wconf 92' lang='lat' dir='ltr'><strong>detines</strong></span> <span class='ocrx_word' id='word_1_126' title='bbox 1041 1763 1219 1842; x_wconf 86' lang='lat' dir='ltr'><strong>occupatam</strong></span> <span class='ocrx_word' id='word_1_127' title='bbox 1236 1777 1294 1822; x_wconf 92' lang='lat' dir='ltr'><strong>non</strong></span> 
     </span>
     <span class='ocr_line' id='line_1_15' title="bbox 16 1866 1294 1956; baseline -0.003 -24"><span class='ocrx_word' id='word_1_128' title='bbox 16 1927 17 1956; x_wconf 37' lang='lat'>3</span> <span class='ocrx_word' id='word_1_129' title='bbox 93 1869 209 1952; x_wconf 88' lang='lat' dir='ltr'><strong>absque</strong></span> <span class='ocrx_word' id='word_1_130' title='bbox 236 1868 369 1936; x_wconf 85' lang='lat' dir='ltr'><strong>Romane</strong></span> <span class='ocrx_word' id='word_1_131' title='bbox 397 1866 529 1931; x_wconf 89' lang='lat' dir='ltr'><strong>ecclesie</strong></span> <span class='ocrx_word' id='word_1_132' title='bbox 549 1867 658 1948; x_wconf 91' lang='lat' dir='ltr'><strong>injuria</strong></span> <span class='ocrx_word' id='word_1_133' title='bbox 677 1869 847 1940; x_wconf 83' lang='lat' dir='ltr'><strong>manifesta,</strong></span> <span class='ocrx_word' id='word_1_134' title='bbox 875 1887 941 1930; x_wconf 88' lang='lat' dir='ltr'><strong>oum</strong></span> <span class='ocrx_word' id='word_1_135' title='bbox 959 1866 1065 1930; x_wconf 90' lang='lat' dir='ltr'><strong>eadem</strong></span> <span class='ocrx_word' id='word_1_136' title='bbox 1082 1871 1164 1930; x_wconf 89' lang='lat' dir='ltr'><strong>terra</strong></span> <span class='ocrx_word' id='word_1_137' title='bbox 1181 1866 1294 1930; x_wconf 92' lang='lat' dir='ltr'><strong>nullum</strong></span> 
     </span>
     <span class='ocr_line' id='line_1_16' title="bbox 15 1961 1294 2060; baseline -0.002 -22"><span class='ocrx_word' id='word_1_138' title='bbox 15 1961 17 2038; x_wconf 67' lang='grc' dir='ltr'>ζ</span> <span class='ocrx_word' id='word_1_139' title='bbox 94 1980 200 2060; x_wconf 89' lang='lat' dir='ltr'><strong>preter</strong></span> <span class='ocrx_word' id='word_1_140' title='bbox 223 1976 386 2038; x_wconf 89' lang='lat' dir='ltr'><strong>Romanum</strong></span> <span class='ocrx_word' id='word_1_141' title='bbox 414 1974 581 2060; x_wconf 82' lang='lat' dir='ltr'><strong>pontificem</strong></span> <span class='ocrx_word' id='word_1_142' title='bbox 613 1973 729 2038; x_wconf 90' lang='lat' dir='ltr'><strong>babens</strong></span> <span class='ocrx_word' id='word_1_143' title='bbox 762 1975 910 2058; x_wconf 90' lang='lat' dir='ltr'><strong>prelatum</strong></span> <span class='ocrx_word' id='word_1_144' title='bbox 933 1975 979 2039; x_wconf 85' lang='lat' dir='ltr'><strong>vel</strong></span> <span class='ocrx_word' id='word_1_145' title='bbox 1002 1974 1177 2058; x_wconf 90' lang='lat' dir='ltr'><strong>episcopum</strong></span> <span class='ocrx_word' id='word_1_146' title='bbox 1196 1974 1294 2036; x_wconf 90' lang='lat' dir='ltr'><strong>eidem</strong></span> 
     </span>
     <span class='ocr_line' id='line_1_17' title="bbox 16 2071 1295 2166; baseline 0 -20"><span class='ocrx_word' id='word_1_147' title='bbox 16 2071 17 2076; x_wconf 8' lang='grc' dir='ltr'>ἵ</span> <span class='ocrx_word' id='word_1_148' title='bbox 95 2082 232 2146; x_wconf 88' lang='lat' dir='ltr'><strong>ecclesie</strong></span> <span class='ocrx_word' id='word_1_149' title='bbox 248 2083 321 2144; x_wconf 89' lang='lat' dir='ltr'><strong>duas</strong></span> <span class='ocrx_word' id='word_1_150' title='bbox 339 2102 457 2154; x_wconf 85' lang='lat' dir='ltr'><strong>marcas</strong></span> <span class='ocrx_word' id='word_1_151' title='bbox 475 2083 539 2144; x_wconf 91' lang='lat' dir='ltr'><strong>auri</strong></span> <span class='ocrx_word' id='word_1_152' title='bbox 555 2101 610 2164; x_wconf 83' lang='lat' dir='ltr'><strong>pro</strong></span> <span class='ocrx_word' id='word_1_153' title='bbox 629 2101 723 2144; x_wconf 91' lang='lat' dir='ltr'><strong>censu</strong></span> <span class='ocrx_word' id='word_1_154' title='bbox 748 2082 882 2148; x_wconf 81' lang='lat' dir='ltr'><strong>solveret</strong></span> <span class='ocrx_word' id='word_1_155' title='bbox 908 2084 1077 2153; x_wconf 90' lang='lat' dir='ltr'><strong>annuatim,</strong></span> <span class='ocrx_word' id='word_1_156' title='bbox 1105 2088 1135 2144; x_wconf 88' lang='lat' dir='ltr'><strong>et</strong></span> <span class='ocrx_word' id='word_1_157' title='bbox 1159 2083 1295 2166; x_wconf 81' lang='lat' dir='ltr'><strong>quamuis</strong></span> 
     </span>
     <span class='ocr_line' id='line_1_18' title="bbox 15 2189 1296 2275; baseline -0.002 -22"><span class='ocrx_word' id='word_1_158' title='bbox 15 2246 17 2268; x_wconf 71' lang='grc'>,</span> <span class='ocrx_word' id='word_1_159' title='bbox 95 2191 210 2275; x_wconf 91' lang='lat' dir='ltr'><strong>pluries</strong></span> <span class='ocrx_word' id='word_1_160' title='bbox 227 2197 286 2252; x_wconf 89' lang='lat' dir='ltr'><strong>tam</strong></span> <span class='ocrx_word' id='word_1_161' title='bbox 314 2189 453 2272; x_wconf 86' lang='lat' dir='ltr'><strong>predicto</strong></span> <span class='ocrx_word' id='word_1_162' title='bbox 482 2191 561 2272; x_wconf 89' lang='lat' dir='ltr'><strong>patri</strong></span> <span class='ocrx_word' id='word_1_163' title='bbox 588 2195 639 2251; x_wconf 89' lang='lat' dir='ltr'><strong>tuo</strong></span> <span class='ocrx_word' id='word_1_164' title='bbox 663 2209 751 2272; x_wconf 89' lang='lat' dir='ltr'><strong>quam</strong></span> <span class='ocrx_word' id='word_1_165' title='bbox 775 2189 829 2253; x_wconf 91' lang='lat' dir='ltr'><strong>tibi</strong></span> <span class='ocrx_word' id='word_1_166' title='bbox 854 2190 1035 2254; x_wconf 84' lang='lat' dir='ltr'><strong>affectuosas</strong></span> <span class='ocrx_word' id='word_1_167' title='bbox 1055 2209 1166 2272; x_wconf 83' lang='lat' dir='ltr'><strong>preces</strong></span> <span class='ocrx_word' id='word_1_168' title='bbox 1184 2189 1296 2252; x_wconf 89' lang='lat' dir='ltr'><strong>monita</strong></span> 
     </span>
     <span class='ocr_line' id='line_1_19' title="bbox 95 2295 1296 2381; baseline -0.001 -21.062"><span class='ocrx_word' id='word_1_169' title='bbox 95 2299 253 2380; x_wconf 82' lang='lat' dir='ltr'><strong>diligentia</strong></span> <span class='ocrx_word' id='word_1_170' title='bbox 279 2295 496 2366; x_wconf 81' lang='lat' dir='ltr'><strong>direxerimus,</strong></span> <span class='ocrx_word' id='word_1_171' title='bbox 528 2299 560 2357; x_wconf 91' lang='lat' dir='ltr'><strong>ut</strong></span> <span class='ocrx_word' id='word_1_172' title='bbox 587 2296 632 2357; x_wconf 93' lang='lat' dir='ltr'><strong>eis</strong></span> <span class='ocrx_word' id='word_1_173' title='bbox 661 2301 772 2360; x_wconf 90' lang='lat' dir='ltr'><strong>terram</strong></span> <span class='ocrx_word' id='word_1_174' title='bbox 801 2299 896 2381; x_wconf 90' lang='lat' dir='ltr'><strong>ipsam</strong></span> <span class='ocrx_word' id='word_1_175' title='bbox 924 2296 1094 2361; x_wconf 86' lang='lat' dir='ltr'><strong>liberaliter</strong></span> <span class='ocrx_word' id='word_1_176' title='bbox 1113 2298 1296 2370; x_wconf 88' lang='lat' dir='ltr'><strong>redderetis,</strong></span> 
     </span>
     <span class='ocr_line' id='line_1_20' title="bbox 94 2401 1298 2489; baseline 0.001 -21.938"><span class='ocrx_word' id='word_1_177' title='bbox 94 2423 284 2489; x_wconf 85' lang='lat' dir='ltr'><strong>nequaqnam</strong></span> <span class='ocrx_word' id='word_1_178' title='bbox 299 2408 400 2468; x_wconf 89' lang='lat' dir='ltr'><strong>tamen</strong></span> <span class='ocrx_word' id='word_1_179' title='bbox 415 2402 522 2464; x_wconf 88' lang='lat' dir='ltr'><strong>fuimus</strong></span> <span class='ocrx_word' id='word_1_180' title='bbox 540 2401 682 2475; x_wconf 88' lang='lat' dir='ltr'><strong>exauditi,</strong></span> <span class='ocrx_word' id='word_1_181' title='bbox 698 2405 770 2488; x_wconf 91' lang='lat' dir='ltr'><strong>quin</strong></span> <span class='ocrx_word' id='word_1_182' title='bbox 788 2406 888 2486; x_wconf 91' lang='lat' dir='ltr'><strong>potins</strong></span> <span class='ocrx_word' id='word_1_183' title='bbox 904 2404 984 2468; x_wconf 91' lang='lat' dir='ltr'><strong>idem</strong></span> <span class='ocrx_word' id='word_1_184' title='bbox 1002 2406 1146 2486; x_wconf 87' lang='lat' dir='ltr'><strong>magister</strong></span> <span class='ocrx_word' id='word_1_185' title='bbox 1163 2405 1200 2470; x_wconf 87' lang='lat' dir='ltr'><strong>ad</strong></span> <span class='ocrx_word' id='word_1_186' title='bbox 1224 2426 1298 2488; x_wconf 92' lang='lat' dir='ltr'><strong>pre-</strong></span> 
     </span>
     <span class='ocr_line' id='line_1_21' title="bbox 97 2511 1296 2595; baseline -0.001 -19.063"><span class='ocrx_word' id='word_1_187' title='bbox 97 2515 227 2576; x_wconf 87' lang='lat' dir='ltr'><strong>sentiam</strong></span> <span class='ocrx_word' id='word_1_188' title='bbox 250 2511 367 2592; x_wconf 89' lang='lat' dir='ltr'><strong>regiam</strong></span> <span class='ocrx_word' id='word_1_189' title='bbox 396 2511 425 2570; x_wconf 90' lang='lat' dir='ltr'><strong>in</strong></span> <span class='ocrx_word' id='word_1_190' title='bbox 451 2529 504 2595; x_wconf 89' lang='lat' dir='ltr'><strong>spe</strong></span> <span class='ocrx_word' id='word_1_191' title='bbox 525 2515 650 2573; x_wconf 87' lang='lat' dir='ltr'><strong>uocatus</strong></span> <span class='ocrx_word' id='word_1_192' title='bbox 679 2511 830 2576; x_wconf 88' lang='lat' dir='ltr'><strong>accedens</strong></span> <span class='ocrx_word' id='word_1_193' title='bbox 852 2513 1014 2576; x_wconf 85' lang='lat' dir='ltr'><strong>frustratus</strong></span> <span class='ocrx_word' id='word_1_194' title='bbox 1035 2511 1128 2576; x_wconf 91' lang='lat' dir='ltr'><strong>rediit</strong></span> <span class='ocrx_word' id='word_1_195' title='bbox 1150 2512 1296 2595; x_wconf 75' lang='lat' dir='ltr'><strong>fatigatus</strong></span> 
     </span>
     <span class='ocr_line' id='line_1_22' title="bbox 15 2609 1296 2701; baseline -0.005 -13"><span class='ocrx_word' id='word_1_196' title='bbox 15 2609 17 2688; x_wconf 64' lang='grc' dir='ltr'><strong>ζ</strong></span> <span class='ocrx_word' id='word_1_197' title='bbox 96 2620 198 2684; x_wconf 89' lang='lat' dir='ltr'><strong>multis</strong></span> <span class='ocrx_word' id='word_1_198' title='bbox 215 2617 370 2683; x_wconf 85' lang='lat' dir='ltr'><strong>laboribus</strong></span> <span class='ocrx_word' id='word_1_199' title='bbox 388 2622 417 2679; x_wconf 91' lang='lat' dir='ltr'><strong>et</strong></span> <span class='ocrx_word' id='word_1_200' title='bbox 433 2616 574 2700; x_wconf 84' lang='lat' dir='ltr'><strong>expensis</strong></span> <span class='ocrx_word' id='word_1_201' title='bbox 590 2617 664 2690; x_wconf 86' lang='lat' dir='ltr'><strong>alias</strong></span> <span class='ocrx_word' id='word_1_202' title='bbox 681 2617 769 2682; x_wconf 93' lang='lat' dir='ltr'><strong>domo</strong></span> <span class='ocrx_word' id='word_1_203' title='bbox 786 2638 841 2681; x_wconf 90' lang='lat' dir='ltr'><strong>sna</strong></span> <span class='ocrx_word' id='word_1_204' title='bbox 856 2624 983 2701; x_wconf 91' lang='lat' dir='ltr'><strong>propter</strong></span> <span class='ocrx_word' id='word_1_205' title='bbox 1006 2620 1064 2684; x_wconf 89' lang='lat' dir='ltr'><strong>boo</strong></span> <span class='ocrx_word' id='word_1_206' title='bbox 1086 2620 1186 2685; x_wconf 83' lang='lat' dir='ltr'><strong>attrita</strong></span> <span class='ocrx_word' id='word_1_207' title='bbox 1204 2620 1296 2683; x_wconf 86' lang='lat' dir='ltr'><strong>uariis</strong></span> 
     </span>
     <span class='ocr_line' id='line_1_23' title="bbox 101 2723 1294 2810; baseline 0 -20"><span class='ocrx_word' id='word_1_208' title='bbox 101 2735 133 2795; x_wconf 89' lang='lat' dir='ltr'><strong>et</strong></span> <span class='ocrx_word' id='word_1_209' title='bbox 158 2725 335 2795; x_wconf 86' lang='lat' dir='ltr'><strong>enormibus</strong></span> <span class='ocrx_word' id='word_1_210' title='bbox 360 2723 558 2787; x_wconf 89' lang='lat' dir='ltr'><strong>detrimentis.</strong></span> <span class='ocrx_word' id='word_1_211' title='bbox 583 2724 628 2788; x_wconf 91' lang='lat' dir='ltr'><strong>Ne</strong></span> <span class='ocrx_word' id='word_1_212' title='bbox 656 2725 749 2806; x_wconf 89' lang='lat' dir='ltr'><strong>igitur</strong></span> <span class='ocrx_word' id='word_1_213' title='bbox 771 2725 966 2789; x_wconf 87' lang='lat' dir='ltr'><strong>inexorabilis</strong></span> <span class='ocrx_word' id='word_1_214' title='bbox 989 2727 1140 2801; x_wconf 79' lang='lat' dir='ltr'><strong>videaris,</strong></span> <span class='ocrx_word' id='word_1_215' title='bbox 1163 2728 1191 2789; x_wconf 91' lang='lat' dir='ltr'><strong>si</strong></span> <span class='ocrx_word' id='word_1_216' title='bbox 1214 2725 1294 2810; x_wconf 86' lang='lat' dir='ltr'><strong>quod</strong></span> 
     </span>
     <span class='ocr_line' id='line_1_24' title="bbox 15 2831 1294 2918; baseline -0.002 -19"><span class='ocrx_word' id='word_1_217' title='bbox 15 2845 17 2904; x_wconf 75' lang='grc' dir='ltr'>ἴ</span> <span class='ocrx_word' id='word_1_218' title='bbox 98 2836 178 2899; x_wconf 90' lang='lat' dir='ltr'><strong>absit</strong></span> <span class='ocrx_word' id='word_1_219' title='bbox 194 2834 338 2909; x_wconf 73' lang='lat' dir='ltr'><strong>seductus</strong></span> <span class='ocrx_word' id='word_1_220' title='bbox 354 2832 457 2914; x_wconf 90' lang='lat' dir='ltr'><strong>prauis</strong></span> <span class='ocrx_word' id='word_1_221' title='bbox 474 2831 721 2913; x_wconf 81' lang='lat' dir='ltr'><strong>suggestionibus</strong></span> <span class='ocrx_word' id='word_1_222' title='bbox 737 2831 936 2916; x_wconf 89' lang='lat' dir='ltr'><strong>malignorum</strong></span> <span class='ocrx_word' id='word_1_223' title='bbox 961 2833 1092 2907; x_wconf 89' lang='lat' dir='ltr'><strong>reddere</strong></span> <span class='ocrx_word' id='word_1_224' title='bbox 1108 2854 1218 2899; x_wconf 89' lang='lat' dir='ltr'><strong>renuas</strong></span> <span class='ocrx_word' id='word_1_225' title='bbox 1234 2854 1294 2918; x_wconf 88' lang='lat' dir='ltr'><strong>qne</strong></span> 
     </span>
     <span class='ocr_line' id='line_1_25' title="bbox 15 2938 1297 3025; baseline -0.001 -20"><span class='ocrx_word' id='word_1_226' title='bbox 15 2949 17 2976; x_wconf 46' lang='lat' dir='ltr'>s</span> <span class='ocrx_word' id='word_1_227' title='bbox 96 2963 156 3008; x_wconf 91' lang='lat' dir='ltr'><strong>non</strong></span> <span class='ocrx_word' id='word_1_228' title='bbox 184 2946 274 3025; x_wconf 89' lang='lat' dir='ltr'><strong>potes</strong></span> <span class='ocrx_word' id='word_1_229' title='bbox 302 2938 384 3002; x_wconf 85' lang='lat' dir='ltr'><strong>salva</strong></span> <span class='ocrx_word' id='word_1_230' title='bbox 412 2939 596 3002; x_wconf 88' lang='lat' dir='ltr'><strong>conscientia</strong></span> <span class='ocrx_word' id='word_1_231' title='bbox 629 2941 777 3012; x_wconf 89' lang='lat' dir='ltr'><strong>retinere,</strong></span> <span class='ocrx_word' id='word_1_232' title='bbox 807 2941 1002 3011; x_wconf 84' lang='lat' dir='ltr'><strong>serenitatem</strong></span> <span class='ocrx_word' id='word_1_233' title='bbox 1034 2945 1115 3008; x_wconf 89' lang='lat' dir='ltr'><strong>tuam</strong></span> <span class='ocrx_word' id='word_1_234' title='bbox 1143 2961 1297 3023; x_wconf 88' lang='lat' dir='ltr'><strong>rogamus,</strong></span> 
     </span>
     <span class='ocr_line' id='line_1_26' title="bbox 97 3045 1297 3133; baseline -0.002 -19"><span class='ocrx_word' id='word_1_235' title='bbox 97 3069 254 3114; x_wconf 88' lang='lat' dir='ltr'><strong>monemus</strong></span> <span class='ocrx_word' id='word_1_236' title='bbox 275 3053 306 3111; x_wconf 86' lang='lat' dir='ltr'><strong>et</strong></span> <span class='ocrx_word' id='word_1_237' title='bbox 321 3047 475 3110; x_wconf 89' lang='lat' dir='ltr'><strong>hortamur</strong></span> <span class='ocrx_word' id='word_1_238' title='bbox 491 3047 522 3108; x_wconf 93' lang='lat' dir='ltr'><strong>in</strong></span> <span class='ocrx_word' id='word_1_239' title='bbox 538 3045 668 3117; x_wconf 91' lang='lat' dir='ltr'><strong>domino,</strong></span> <span class='ocrx_word' id='word_1_240' title='bbox 683 3046 713 3108; x_wconf 93' lang='lat' dir='ltr'><strong>in</strong></span> <span class='ocrx_word' id='word_1_241' title='bbox 730 3046 937 3123; x_wconf 83' lang='lat' dir='ltr'><strong>remissionem</strong></span> <span class='ocrx_word' id='word_1_242' title='bbox 953 3051 1071 3125; x_wconf 84' lang='lat' dir='ltr'><strong>tuorum</strong></span> <span class='ocrx_word' id='word_1_243' title='bbox 1088 3048 1297 3133; x_wconf 87' lang='lat' dir='ltr'><strong>peccaminum</strong></span> 
     </span>
     <span class='ocr_line' id='line_1_27' title="bbox 96 3153 1298 3238; baseline -0.002 -18"><span class='ocrx_word' id='word_1_244' title='bbox 96 3159 289 3238; x_wconf 86' lang='lat' dir='ltr'><strong>iniungentes</strong></span> <span class='ocrx_word' id='word_1_245' title='bbox 306 3158 454 3237; x_wconf 89' lang='lat' dir='ltr'><strong>quatenus</strong></span> <span class='ocrx_word' id='word_1_246' title='bbox 467 3153 654 3218; x_wconf 85' lang='lat' dir='ltr'><strong>conscientie</strong></span> <span class='ocrx_word' id='word_1_247' title='bbox 671 3158 702 3215; x_wconf 93' lang='lat' dir='ltr'><strong>et</strong></span> <span class='ocrx_word' id='word_1_248' title='bbox 714 3155 793 3217; x_wconf 75' lang='lat' dir='ltr'><strong>saure</strong></span> <span class='ocrx_word' id='word_1_249' title='bbox 809 3161 860 3217; x_wconf 88' lang='lat' dir='ltr'><strong>tue</strong></span> <span class='ocrx_word' id='word_1_250' title='bbox 876 3154 1038 3228; x_wconf 88' lang='lat' dir='ltr'><strong>salubriter</strong></span> <span class='ocrx_word' id='word_1_251' title='bbox 1050 3156 1212 3219; x_wconf 90' lang='lat' dir='ltr'><strong>consulens</strong></span> <span class='ocrx_word' id='word_1_252' title='bbox 1231 3175 1298 3219; x_wconf 91' lang='lat' dir='ltr'><strong>cum</strong></span> 
     </span>
     <span class='ocr_line' id='line_1_28' title="bbox 98 3260 1297 3348; baseline -0.002 -20"><span class='ocrx_word' id='word_1_253' title='bbox 98 3269 259 3348; x_wconf 89' lang='lat' dir='ltr'><strong>peceatum</strong></span> <span class='ocrx_word' id='word_1_254' title='bbox 278 3261 399 3324; x_wconf 88' lang='lat' dir='ltr'><strong>minime</strong></span> <span class='ocrx_word' id='word_1_255' title='bbox 415 3260 585 3324; x_wconf 89' lang='lat' dir='ltr'><strong>remittatur</strong></span> <span class='ocrx_word' id='word_1_256' title='bbox 600 3260 657 3324; x_wconf 91' lang='lat' dir='ltr'><strong>nisi</strong></span> <span class='ocrx_word' id='word_1_257' title='bbox 674 3261 850 3324; x_wconf 89' lang='lat' dir='ltr'><strong>restituatur</strong></span> <span class='ocrx_word' id='word_1_258' title='bbox 866 3260 1005 3334; x_wconf 91' lang='lat' dir='ltr'><strong>ablatum,</strong></span> <span class='ocrx_word' id='word_1_259' title='bbox 1023 3263 1137 3327; x_wconf 88' lang='lat' dir='ltr'><strong>eisdem</strong></span> <span class='ocrx_word' id='word_1_260' title='bbox 1153 3265 1297 3345; x_wconf 90' lang='lat' dir='ltr'><strong>magistro</strong></span> 
     </span>
     <span class='ocr_line' id='line_1_29' title="bbox 100 3356 1298 3450; baseline -0.003 -16"><span class='ocrx_word' id='word_1_261' title='bbox 100 3380 130 3434; x_wconf 87' lang='lat' dir='ltr'><strong>et</strong></span> <span class='ocrx_word' id='word_1_262' title='bbox 158 3369 306 3434; x_wconf 90' lang='lat' dir='ltr'><strong>fratribus</strong></span> <span class='ocrx_word' id='word_1_263' title='bbox 334 3369 477 3432; x_wconf 88' lang='lat' dir='ltr'><strong>restituas</strong></span> <span class='ocrx_word' id='word_1_264' title='bbox 505 3371 616 3430; x_wconf 87' lang='lat' dir='ltr'><strong>terram</strong></span> <span class='ocrx_word' id='word_1_265' title='bbox 645 3369 739 3449; x_wconf 89' lang='lat' dir='ltr'><strong>ipsam</strong></span> <span class='ocrx_word' id='word_1_266' title='bbox 753 3368 792 3432; x_wconf 96' lang='lat' dir='ltr'><strong>de</strong></span> <span class='ocrx_word' id='word_1_267' title='bbox 812 3367 949 3450; x_wconf 85' lang='lat' dir='ltr'><strong>dampnis</strong></span> <span class='ocrx_word' id='word_1_268' title='bbox 966 3374 996 3432; x_wconf 88' lang='lat' dir='ltr'><strong>et</strong></span> <span class='ocrx_word' id='word_1_269' title='bbox 1012 3356 1156 3450; x_wconf 88' lang='lat' dir='ltr'><strong>irrogatis</strong></span> <span class='ocrx_word' id='word_1_270' title='bbox 1178 3369 1298 3450; x_wconf 87' lang='lat' dir='ltr'><strong>injuriis</strong></span> 
     </span>
     <span class='ocr_line' id='line_1_30' title="bbox 100 3474 1300 3557; baseline -0.003 -15"><span class='ocrx_word' id='word_1_271' title='bbox 100 3478 339 3542; x_wconf 86' lang='lat' dir='ltr'><strong>satisfactionem</strong></span> <span class='ocrx_word' id='word_1_272' title='bbox 357 3495 518 3557; x_wconf 89' lang='lat' dir='ltr'><strong>congruam</strong></span> <span class='ocrx_word' id='word_1_273' title='bbox 534 3474 748 3556; x_wconf 88' lang='lat' dir='ltr'><strong>impendendo,</strong></span> <span class='ocrx_word' id='word_1_274' title='bbox 765 3475 807 3537; x_wconf 90' lang='lat' dir='ltr'><strong>ita</strong></span> <span class='ocrx_word' id='word_1_275' title='bbox 823 3475 903 3557; x_wconf 90' lang='lat' dir='ltr'><strong>quod</strong></span> <span class='ocrx_word' id='word_1_276' title='bbox 919 3476 1036 3540; x_wconf 89' lang='lat' dir='ltr'><strong>veritati</strong></span> <span class='ocrx_word' id='word_1_277' title='bbox 1054 3495 1145 3538; x_wconf 86' lang='lat' dir='ltr'><strong>verax</strong></span> <span class='ocrx_word' id='word_1_278' title='bbox 1167 3475 1300 3538; x_wconf 84' lang='lat' dir='ltr'><strong>existens</strong></span> 
     </span>
     <span class='ocr_line' id='line_1_31' title="bbox 99 3581 1300 3666; baseline 0 -18"><span class='ocrx_word' id='word_1_279' title='bbox 99 3593 128 3650; x_wconf 93' lang='lat' dir='ltr'><strong>te</strong></span> <span class='ocrx_word' id='word_1_280' title='bbox 145 3587 189 3648; x_wconf 94' lang='lat' dir='ltr'><strong>illi</strong></span> <span class='ocrx_word' id='word_1_281' title='bbox 208 3583 320 3647; x_wconf 87' lang='lat' dir='ltr'><strong>reddas</strong></span> <span class='ocrx_word' id='word_1_282' title='bbox 335 3582 485 3666; x_wconf 88' lang='lat' dir='ltr'><strong>placidum</strong></span> <span class='ocrx_word' id='word_1_283' title='bbox 503 3586 533 3645; x_wconf 92' lang='lat' dir='ltr'><strong>et</strong></span> <span class='ocrx_word' id='word_1_284' title='bbox 549 3587 706 3663; x_wconf 90' lang='lat' dir='ltr'><strong>acceptum</strong></span> <span class='ocrx_word' id='word_1_285' title='bbox 723 3583 773 3665; x_wconf 92' lang='lat' dir='ltr'><strong>qni</strong></span> <span class='ocrx_word' id='word_1_286' title='bbox 789 3586 933 3664; x_wconf 87' lang='lat' dir='ltr'><strong>acceptos</strong></span> <span class='ocrx_word' id='word_1_287' title='bbox 956 3582 1097 3664; x_wconf 78' lang='lat' dir='ltr'><strong>provebit</strong></span> <span class='ocrx_word' id='word_1_288' title='bbox 1121 3584 1150 3657; x_wconf 84' lang='lat' dir='ltr'><strong>in</strong></span> <span class='ocrx_word' id='word_1_289' title='bbox 1172 3581 1300 3648; x_wconf 86' lang='lat' dir='ltr'><strong>salutern</strong></span> 
     </span>
    </p>
   </div>
   <div class='ocr_carea' id='block_1_3' title="bbox 15 3688 1301 3766">
    <p class='ocr_par' dir='ltr' id='par_1_3' title="bbox 15 3688 1301 3766">
     <span class='ocr_line' id='line_1_32' title="bbox 15 3688 1301 3766; baseline -0.006 -6"><span class='ocrx_word' id='word_1_290' title='bbox 15 3727 16 3732; x_wconf 41' lang='lat'>¹</span> <span class='ocrx_word' id='word_1_291' title='bbox 100 3702 131 3759; x_wconf 92' lang='lat' dir='ltr'><strong>et</strong></span> <span class='ocrx_word' id='word_1_292' title='bbox 146 3714 205 3758; x_wconf 92' lang='lat' dir='ltr'><strong>nos</strong></span> <span class='ocrx_word' id='word_1_293' title='bbox 221 3693 278 3756; x_wconf 92' lang='lat' dir='ltr'><strong>tibi</strong></span> <span class='ocrx_word' id='word_1_294' title='bbox 294 3692 511 3756; x_wconf 89' lang='lat' dir='ltr'><strong>constituamur</strong></span> <span class='ocrx_word' id='word_1_295' title='bbox 528 3689 634 3753; x_wconf 91' lang='lat' dir='ltr'><strong>exinde</strong></span> <span class='ocrx_word' id='word_1_296' title='bbox 651 3709 709 3751; x_wconf 94' lang='lat' dir='ltr'><strong>non</strong></span> <span class='ocrx_word' id='word_1_297' title='bbox 726 3690 877 3752; x_wconf 88' lang='lat' dir='ltr'><strong>immerito</strong></span> <span class='ocrx_word' id='word_1_298' title='bbox 894 3689 1059 3754; x_wconf 89' lang='lat' dir='ltr'><strong>debitores.</strong></span> <span class='ocrx_word' id='word_1_299' title='bbox 1085 3688 1192 3766; x_wconf 83' lang='lat' dir='ltr'><strong>Datum</strong></span> <span class='ocrx_word' id='word_1_300' title='bbox 1208 3688 1301 3764; x_wconf 74' lang='lat' dir='ltr'><strong>bate-</strong></span> 
     </span>
    </p>
   </div>
   <div class='ocr_carea' id='block_1_4' title="bbox 99 3796 937 3866">
    <p class='ocr_par' dir='ltr' id='par_1_4' title="bbox 99 3796 937 3866">
     <span class='ocr_line' id='line_1_33' title="bbox 99 3796 937 3866; baseline -0.011 -1"><span class='ocrx_word' id='word_1_301' title='bbox 99 3803 164 3866; x_wconf 91' lang='lat' dir='ltr'><strong>rani</strong></span> <span class='ocrx_word' id='word_1_302' title='bbox 185 3799 234 3864; x_wconf 88' lang='lat' dir='ltr'><strong>Vl.</strong></span> <span class='ocrx_word' id='word_1_303' title='bbox 252 3798 370 3866; x_wconf 79' lang='lat' dir='ltr'><strong>kalend.</strong></span> <span class='ocrx_word' id='word_1_304' title='bbox 388 3798 469 3863; x_wconf 83' lang='lat' dir='ltr'><strong>Maii.</strong></span> <span class='ocrx_word' id='word_1_305' title='bbox 486 3796 679 3862; x_wconf 88' lang='lat' dir='ltr'><strong>Pontificatus</strong></span> <span class='ocrx_word' id='word_1_306' title='bbox 695 3797 789 3859; x_wconf 88' lang='lat' dir='ltr'><strong>nostri</strong></span> <span class='ocrx_word' id='word_1_307' title='bbox 807 3815 885 3860; x_wconf 90' lang='lat' dir='ltr'><strong>anno</strong></span> <span class='ocrx_word' id='word_1_308' title='bbox 903 3796 937 3858; x_wconf 87' lang='lat' dir='ltr'><strong>V.</strong></span> 
     </span>
    </p>
   </div>
   <div class='ocr_carea' id='block_1_5' title="bbox 486 3979 921 4166">
    <p class='ocr_par' dir='ltr' id='par_1_5' title="bbox 486 3979 921 4166">
     <span class='ocr_line' id='line_1_34' title="bbox 673 3979 727 4050; baseline 0.037 -2"><span class='ocrx_word' id='word_1_309' title='bbox 673 3979 727 4050; x_wconf 90' lang='lat' dir='ltr'><strong>Ll.</strong></span> 
     </span>
     <span class='ocr_line' id='line_1_35' title="bbox 486 4096 921 4166; baseline 0 -17"><span class='ocrx_word' id='word_1_310' title='bbox 486 4097 566 4159; x_wconf 84' lang='lat'><strong>1232,</strong></span> <span class='ocrx_word' id='word_1_311' title='bbox 585 4097 630 4151; x_wconf 83' lang='lat'><strong>31.</strong></span> <span class='ocrx_word' id='word_1_312' title='bbox 650 4097 762 4166; x_wconf 80' lang='lat' dir='ltr'><strong>August.</strong></span> <span class='ocrx_word' id='word_1_313' title='bbox 782 4096 921 4166; x_wconf 80' lang='lat' dir='ltr'><strong>Anagni.</strong></span> 
     </span>
    </p>
   </div>
   <div class='ocr_carea' id='block_1_6' title="bbox 15 4223 1304 4614">
    <p class='ocr_par' dir='ltr' id='par_1_6' title="bbox 15 4223 1304 4614">
     <span class='ocr_line' id='line_1_36' title="bbox 15 4223 1299 4318; baseline -0.007 -23"><span class='ocrx_word' id='word_1_314' title='bbox 15 4315 16 4318; x_wconf 8' lang='grc' dir='ltr'><strong>Ἴ</strong></span> <span class='ocrx_word' id='word_1_315' title='bbox 195 4229 366 4311; x_wconf 88' lang='lat' dir='ltr'><strong>Gregorius</strong></span> <span class='ocrx_word' id='word_1_316' title='bbox 391 4263 426 4274; x_wconf 89' lang='lat'>-</span> <span class='ocrx_word' id='word_1_317' title='bbox 446 4264 485 4274; x_wconf 90' lang='grc'>-</span> <span class='ocrx_word' id='word_1_318' title='bbox 510 4226 621 4289; x_wconf 88' lang='lat' dir='ltr'><strong>dilecto</strong></span> <span class='ocrx_word' id='word_1_319' title='bbox 646 4223 707 4288; x_wconf 85' lang='lat' dir='ltr'><strong>filio</strong></span> <span class='ocrx_word' id='word_1_320' title='bbox 723 4262 767 4272; x_wconf 96' lang='lat'><em>-</em></span> <span class='ocrx_word' id='word_1_321' title='bbox 781 4263 825 4272; x_wconf 94' lang='lat'><strong>—</strong></span> <span class='ocrx_word' id='word_1_322' title='bbox 842 4225 941 4288; x_wconf 89' lang='lat' dir='ltr'><strong>electo</strong></span> <span class='ocrx_word' id='word_1_323' title='bbox 958 4223 1196 4293; x_wconf 87' lang='lat' dir='ltr'><strong>Penestrinensi,</strong></span> <span class='ocrx_word' id='word_1_324' title='bbox 1225 4243 1299 4305; x_wconf 90' lang='lat' dir='ltr'><strong>apo-</strong></span> 
     </span>
     <span class='ocr_line' id='line_1_37' title="bbox 15 4330 1303 4418; baseline -0.008 -13"><span class='ocrx_word' id='word_1_325' title='bbox 15 4381 17 4416; x_wconf 55' lang='lat'><strong>,</strong></span> <span class='ocrx_word' id='word_1_326' title='bbox 100 4339 212 4404; x_wconf 87' lang='lat' dir='ltr'><strong>stolice</strong></span> <span class='ocrx_word' id='word_1_327' title='bbox 236 4337 317 4402; x_wconf 88' lang='lat' dir='ltr'><strong>sedis</strong></span> <span class='ocrx_word' id='word_1_328' title='bbox 346 4336 447 4416; x_wconf 89' lang='lat' dir='ltr'><strong>legato</strong></span> <span class='ocrx_word' id='word_1_329' title='bbox 465 4341 523 4398; x_wconf 91' lang='lat' dir='ltr'><strong>ete.</strong></span> <span class='ocrx_word' id='word_1_330' title='bbox 549 4333 660 4397; x_wconf 89' lang='lat' dir='ltr'><strong>Dilecti</strong></span> <span class='ocrx_word' id='word_1_331' title='bbox 688 4332 752 4406; x_wconf 84' lang='lat' dir='ltr'><strong>filii,</strong></span> <span class='ocrx_word' id='word_1_332' title='bbox 782 4333 928 4418; x_wconf 87' lang='lat' dir='ltr'><strong>magister</strong></span> <span class='ocrx_word' id='word_1_333' title='bbox 952 4337 983 4394; x_wconf 90' lang='lat' dir='ltr'><strong>et</strong></span> <span class='ocrx_word' id='word_1_334' title='bbox 994 4335 1118 4416; x_wconf 82' lang='lat' dir='ltr'><strong>fratres</strong></span> <span class='ocrx_word' id='word_1_335' title='bbox 1133 4330 1303 4416; x_wconf 78' lang='lat' dir='ltr'><strong>hospitalis</strong></span> 
     </span>
     <span class='ocr_line' id='line_1_38' title="bbox 15 4438 1304 4526; baseline -0.01 -13"><span class='ocrx_word' id='word_1_336' title='bbox 15 4483 17 4526; x_wconf 79' lang='lat' dir='ltr'>j</span> <span class='ocrx_word' id='word_1_337' title='bbox 100 4454 213 4516; x_wconf 82' lang='lat' dir='ltr'><strong>sancte</strong></span> <span class='ocrx_word' id='word_1_338' title='bbox 228 4445 334 4511; x_wconf 82' lang='lat' dir='ltr'><strong>Moris</strong></span> <span class='ocrx_word' id='word_1_339' title='bbox 352 4442 612 4520; x_wconf 72' lang='lat' dir='ltr'><strong>Teutonicorum,</strong></span> <span class='ocrx_word' id='word_1_340' title='bbox 639 4440 742 4504; x_wconf 91' lang='lat' dir='ltr'><strong>humili</strong></span> <span class='ocrx_word' id='word_1_341' title='bbox 768 4439 853 4505; x_wconf 89' lang='lat' dir='ltr'><strong>nobis</strong></span> <span class='ocrx_word' id='word_1_342' title='bbox 881 4446 913 4503; x_wconf 87' lang='lat' dir='ltr'><strong>et</strong></span> <span class='ocrx_word' id='word_1_343' title='bbox 940 4440 1062 4502; x_wconf 91' lang='lat' dir='ltr'><strong>instanti</strong></span> <span class='ocrx_word' id='word_1_344' title='bbox 1087 4438 1304 4522; x_wconf 78' lang='lat' dir='ltr'><strong>conquestione</strong></span> 
     </span>
     <span class='ocr_line' id='line_1_39' title="bbox 1043 4562 1084 4614; baseline 0 -17"><span class='ocrx_word' id='word_1_345' title='bbox 1043 4562 1084 4614; x_wconf 60' lang='lat'><strong>4*</strong></span> 
     </span>
    </p>
   </div>
   <div class='ocr_carea' id='block_1_7' title="bbox 0 0 1593 5092">
    <p class='ocr_par' dir='ltr' id='par_1_7' title="bbox 0 0 1593 5092">
     <span class='ocr_line' id='line_1_40' title="bbox 0 0 1593 5092; baseline 0 0"><span class='ocrx_word' id='word_1_346' title='bbox 0 0 1593 5092; x_wconf 95' lang='lat' dir='ltr'><strong> </strong></span> 
     </span>
    </p>
   </div>
  </div>
 </body>
</html>
