3150 5092
615 295 718 367 42

610 470 882 534 homines
945 469 1022 532 de
1075 489 1307 551 genere
1357 514 1717 533 ...........
1765 469 1839 532 ad
1895 474 2157 532 nostram
2214 470 2579 534 accedentes
2628 468 3016 550 presentiam

612 575 783 639 nohis
878 577 1257 660 privilegium
1352 576 1699 640 Colomanni
1789 575 1974 658 Regis
2067 576 2330 638 tulerunt
2349 575 2406 660 1)
2501 576 2660 659 quod
2697 590 2704 596 ·
2747 579 3015 658 propter

613 685 850 748 nimiam
904 691 1263 749 vetustatem
1329 705 1362 748 a
1426 685 1601 747 nobis
1675 685 1949 747 renovari
2011 683 2313 748 humiliter
2390 687 2767 767 petiverunt,
2838 679 3014 760 cujus

613 793 811 853 series
873 790 1006 854 talis
1064 797 1185 855 est:
1251 793 1669 858 Colomannus
1733 836 2169 853 .............
2234 811 2346 874 pus
2419 793 2706 874 princeps
2765 789 2892 852 fuit
2955 789 3015 850 in

609 899 898 963 Kraszon
916 896 975 982 ³)
1025 900 1282 963 civitate
1343 900 1570 970 Masta.
1619 898 1715 963 cui
1764 918 1873 960 rex
1917 897 2177 960 donabat
2222 882 2540 962 civitatem·
2574 901 2908 968 Kraszon,
2954 899 3015 958 et

605 1007 626 1069 i
643 1054 897 1070 ........
936 1027 1055 1071 non
1109 1007 1396 1090 suscepit,
1444 1007 1553 1069 sed
1609 1011 1672 1068 et
1723 1004 1856 1088 ipse
1918 1005 2149 1089 petivit,
2206 1012 2270 1068 ut
2322 1026 2437 1067 non
2488 1007 2658 1068 daret
2706 1007 3007 1076 decimae,

611 1118 775 1176 terra
841 1133 948 1176 sua
994 1114 1107 1177 fuit
1161 1113 1440 1196 planities
1486 1111 1870 1182 bubalorum,
1917 1115 1980 1172 et
2023 1131 2183 1174 mera
2231 1111 2548 1194 planities,
2599 1113 2841 1175 Seecos
2900 1130 3009 1174 sua

620 1218 769 1280 silva
797 1219 1109 1304 Nepocor:
1145 1225 1374 1283 vestem
1407 1221 1715 1289 ferens,et
1749 1217 1878 1297 ejus
1904 1235 2096 1301 nepos
2113 1217 2385 1281 Nezdino
2419 1225 2617 1303 portat
2635 1261 3010 1281 ...........

617 1328 881 1392 dextram
925 1329 1310 1413 cyrothecam
1348 1332 1566 1411 portat,
1602 1347 1716 1390 non
1754 1326 2174 1417 decimasvdet,
2201 1346 2318 1389 non
2352 1329 2409 1389 in
2446 1330 2773 1391 exercitum
2798 1326 3007 1396 vadat,

617 1456 729 1496 nnn
749 1456 881 1500 cum
901 1434 1037 1498 villa
1056 1436 1324 1499 debitum
1343 1435 1652 1519 persolvat
1665 1434 1967 1497 Nerdinus
1989 1438 2069 1519 ⁸).
2096 1435 2345 1498 Nomina
2358 1457 2502 1498 vero
2518 1437 3006 1518 supradictorum

609 1548 909 1608 hominum
969 1552 1107 1606 sunt
1162 1544 1307 1607 hec:
1368 1543 1520 1606 Tota
1571 1541 1729 1605 filius
1775 1541 2140 1626 Nerdiniss),
2201 1543 2364 1606 Vone
2386 1543 2485 1628 ⁵),
2538 1543 2709 1607 Dene
2730 1547 2786 1628 ο)
2838 1543 3006 1605 filius

613 1652 785 1720 duan,
833 1651 1124 1733 Stephan,
1163 1649 1407 1721 Volcan,
1443 1649 1630 1720 Poch‚
1668 1649 1883 1730 Bungi‚
1921 1648 2095 1718 Vich,
2145 1650 2282 1723 Mic,
2319 1670 2566 1733 quorum
2601 1649 3004 1735 petitionibus

617 1760 970 1820 satisfaeere
1006 1757 1302 1831 volentes,
1350 1756 1735 1841 privilegium
1768 1758 2035 1839 ipsorum
2074 1804 2412 1821 ..........
2448 1758 2701 1821 fecimus
2734 1759 3005 1822 rescribi

617 1868 829 1952 quihus
877 1875 937 1928 et
978 1866 1273 1950 quandam
1327 1864 1499 1950 ter⁷)
1536 1910 1876 1930 ..........
1927 1864 2285 1928 contulimus
2324 1866 2771 1949 possidendam,
2830 1865 3006 1946 cujus

617 1984 767 2036 meta
805 1974 1013 2056 insipit
1044 1995 1074 2035 a
1113 1980 1266 2036 meta
1303 1975 1604 2056 Gutfreoe,
1641 1979 1703 2035 et
1735 1972 1898 2035 vadit
1925 1972 2089 2052 juxta
2122 1993 2330 2058 aquam
2381 1974 2797 2039 Gemelechen
2847 2019 3001 2036 .....

617 2100 733 2160 que
765 2080 837 2140 ad
877 2084 1088 2143 metam
1111 2081 1329 2166 Cepan
1345 2081 1473 2164 filii
1489 2081 1728 2164 Cepan,
1757 2083 1818 2140 et
1842 2079 1983 2141 inde
2009 2081 2264 2142 revertit
2293 2081 2367 2143 ad
2403 2086 2618 2143 metam
2656 2079 3000 2165 predictis)

621 2192 925 2272 &sitsi-em.
974 2195 1035 2250 et
1065 2207 1207 2269 pars
1243 2195 1559 2270 prenotate
1592 2207 1745 2271 aque
1781 2232 2117 2252 ..........
2155 2188 2480 2274 Symeoi⁹)
2536 2211 2676 2272 pars
2722 2191 2843 2252 isti.
2930 2190 3005 2252 Et

617 2304 681 2356 ut
729 2296 841 2356 hec
893 2303 1092 2356 nostra
1127 2295 1368 2358 donatio
1404 2299 1700 2378 perpetue
1734 2294 1964 2356 stabilis
1987 2293 2072 2378 ¹⁰)
2111 2343 2295 2359 ......
2333 2297 2621 2367 obtineat,
2655 2303 3002 2379 presentem

621 2404 893 2484 paginam
917 2401 1208 2486 dupplicis
1237 2402 1421 2484 sigini
1448 2404 1635 2465 nostri
1659 2403 2073 2491 concessimus
2101 2405 2158 2465 in
2193 2404 2595 2467 testimonium
2630 2404 2773 2467 fidei
2805 2405 3004 2467 muni·

617 2512 777 2572 mine
801 2512 1153 2572 roboratam.
1171 2513 1336 2573 Anno
1357 2512 1592 2574 Domini
1621 2511 1933 2574 millesimo
1963 2512 2374 2575 ducentesimo
2401 2513 2694 2592 vigesimo
2724 2517 3003 2596 septimo,

617 2620 782 2700 regni
821 2619 1007 2680 [nostri
1041 2638 1191 2682 anno
1226 2621 1519 2700 vigesimo
1553 2624 1787 2702 quarto.

1731 2803 1897 2874 XLI.

1725 2939 1888 2994 1228.

801 3048 1100 3120 Andreas,
1171 3047 1284 3110 Dei
1343 3049 1534 3129 gratia
1618 3050 1951 3131 Hungarie‚
2027 3049 2353 3124 Dalmatie,
2443 3048 2713 3120 Croatie,
2800 3050 2999 3120 Rame,

621 3156 853 3224 Servis,
909 3155 1178 3226 Gallicie,
1229 3156 1710 3240 Lodomerieque
1763 3156 1889 3220 Rex
1943 3159 2003 3227 in
2061 3160 2437 3240 perpetuum.
2511 3153 2658 3218 Cum
2709 3177 2783 3218 ex
2830 3159 3001 3238 regie

617 3264 925 3344 dignitatis
970 3261 1169 3326 officio
1219 3271 1531 3326 teneamur
1573 3263 1775 3326 metiri
1818 3265 2030 3327 merita
2084 3263 2493 3346 singuiorum‚
2537 3272 2600 3326 et
2633 3265 2851 3347 cuique
2893 3285 2998 3347 pro

625 3372 845 3436 [neritis
881 3370 1284 3454 1·espondere;
1335 3370 1566 3452 justum
1607 3377 1732 3442 est,
1770 3377 1831 3434 et
1869 3373 2083 3436 rationi
2118 3377 2623 3441 consentaneum,
2677 3376 2743 3433 ut
2779 3372 2998 3435 amicos

685 3672 733 3732 ²]
765 3675 1097 3720 Exhihuerunt.
1133 3668 1268 3729 Fejer
1303 3675 1378 3728 111,
1412 3676 1460 3727 2,
1495 3674 1606 3720 484.

685 3756 729 3812 ²]
773 3756 987 3800 crassnu.

681 3832 729 3892 ³]
769 3836 1012 3880 Hemiinus.
1046 3830 1182 3890 Fejer
1217 3835 1248 3880 Ι.
1285 3847 1328 3879 c.

681 3916 733 3976 ⁴²]
769 3916 978 3960 Nezdini.
1012 3917 1061 3960 F.

685 3992 733 4052 Ιᾗ]-
769 4000 913 4060 vanc.
947 3996 999 4040 F.

685 4076 733 4132 Β]
769 4079 913 4120 [ΗΞ-ηιξ.
948 4076 999 4119 F.

681 4156 729 4216 Τ]
765 4156 953 4200 Terram
992 4180 1052 4188 —
1087 4155 1363 4201 Gemelchen
1398 4168 1515 4212 quae
1549 4156 1599 4200 et
1631 4155 1720 4201 alio
1752 4155 1939 4200 nomine
1970 4155 2107 4200 Bozia
2140 4158 2336 4201 vocatur
2368 4180 2429 4195 -
2464 4181 2525 4190 —
2560 4182 2620 4190 —
2654 4158 2845 4212 fuerat,
2914 4157 2999 4203 sihi

765 4240 809 4280 et
845 4252 929 4296 per·
961 4248 1043 4282 eos
1076 4261 1136 4269 —
1170 4260 1230 4269 —
1265 4237 1350 4281 bus
1384 4236 1666 4282 contulimus
1699 4235 2042 4294 possidendam.
2079 4238 2133 4282 F.

681 4320 729 4380 fl)
767 4320 1055 4364 praedictae.
1086 4319 1138 4364 F.

681 4400 729 4456 ¹³¹}
769 4404 1000 4457 Eilnfflny.
1035 4401 1085 4444 F.

653 4480 729 4536 Ν]
765 4481 1056 4528 affininitatis.
1090 4481 1142 4524 F.
